3862 5610
709 746 771 813 192
1243 766 1413 813 aerenum

708 881 867 944 monachi
883 880 1094 961 competenti
1107 902 1114 958 ;
1130 881 1289 943 divinum
1302 878 1466 956 officium,
1484 879 1728 963 hospitalitas
1744 890 1787 945 et
1800 880 1918 947 elcmo

707 976 782 1039 sina
798 980 884 1040 bene
899 986 932 1040 et
948 978 989 1040 ad
1009 978 1145 1040 laudem
1163 978 1223 1041 Dei
1239 987 1321 1039 sunt
1335 977 1462 1040 ibidem
1480 998 1487 1052 3
1505 976 1643 1041 edificia
1660 989 1830 1045 vetusta
1846 982 1916 1045 &ne

707 1083 856 1154 reparat,
871 1094 959 1137 nova
970 1074 1118 1137 edilicat.
1132 1075 1245 1139 Nichil
1259 1074 1361 1137 debet
1372 1084 1406 1136 et
1416 1084 1625 1137 suntcetera
1638 1076 1681 1137 in
1702 1077 1812 1139 bono
1825 1086 1916 1143 statu

746 1172 764 1250 5
783 1194 817 1255 9.
835 1171 886 1235 nd
902 1171 1048 1233 domum
1062 1171 1104 1233 de
1117 1172 1244 1235 Sancto
1259 1173 1415 1234 Romano
1429 1172 1664 1251 personaliter
1677 1190 1763 1237 non
1780 1174 1917 1253 fuimus,

706 1268 788 1349 quia
803 1267 930 1331 domus
946 1287 1014 1329 non
1032 1267 1165 1350 indiget
1180 1268 1443 1348 oppoejssione.
1457 1277 1615 1348 preterea
1626 1270 1727 1349 quia
1741 1271 1853 1353 prior
1864 1272 1918 1337 ierit

705 1368 830 1428 absens
845 1385 852 1437 ;
883 1364 1044 1428 misimus
1061 1384 1124 1445 pro
1141 1374 1365 1446 procuratore
1379 1362 1470 1426 dicte
1485 1362 1633 1440 domus,
1664 1367 1743 1447 qui
1768 1369 1917 1433 venitad

707 1478 770 1522 nos
785 1460 877 1541 apud
895 1463 1096 1541 Vergeyum
1112 1469 1146 1523 et
1162 1468 1293 1522 statum
1313 1459 1440 1523 domus
1454 1460 1538 1523 satis
1552 1460 1718 1525 debilem
1741 1467 1857 1531 nobis
1869 1486 1919 1531 re-

706 1557 798 1633 tulit,
817 1557 932 1638 primo
947 1557 1027 1637 quia
1042 1556 1200 1619 divinum
1214 1554 1367 1618 oflicium
1384 1557 1501 1619 minus
1516 1558 1602 1619 bene
1617 1557 1662 1621 fit
1680 1560 1852 1641 ibidem,
1875 1574 1919 1629 en

704 1652 752 1714 ibi
768 1654 863 1715 solus
881 1654 1084 1731 monachus,
1103 1653 1244 1714 missam
1262 1669 1330 1713 non
1346 1662 1460 1733 potest
1475 1653 1666 1731 celebrare,
1701 1658 1783 1721 nisi
1801 1678 1919 1743 parro-

703 1749 816 1812 chiani
838 1748 975 1811 calicem
1000 1749 1065 1811 sibi
1090 1757 1258 1830 prestent,
1291 1746 1394 1812 missa
1409 1752 1578 1813 celebrata
1604 1765 1774 1832 oportet
1803 1760 1919 1823 statim

705 1848 865 1911 reddere:
879 1859 953 1912 erat
965 1849 1093 1911 ibidem
1107 1868 1199 1913 unus
1209 1849 1296 1912 calix
1309 1856 1466 1927 tempore
1479 1846 1603 1927 prioris
1616 1865 1752 1931 nuper
1763 1854 1918 1919 defuncti

704 1947 770 2007 sub
788 1946 931 2027 pignore
946 1944 1108 2021 traditae,
1125 1964 1229 2026 quem
1247 1944 1360 2008 nuntii
1376 1942 1468 2005 domi
1484 1942 1641 2024 episcopi
1666 1948 1853 2017 Valentio
1866 1972 1919 2017 re-

704 2039 889 2104 demerunt
909 2049 944 2103 et
965 2060 1083 2105 secum
1106 2049 1392 2123 asportaverunt,
1422 2040 1480 2103 ubi
1500 2040 1544 2101 sit
1560 2041 1612 2102 vel
1628 2059 1713 2123 quo
1732 2048 1918 2115 devenerit

703 2136 895 2217 ignoratur.
928 2137 1078 2200 Ecclesia
1093 2148 1127 2200 et
1143 2139 1258 2200 omnia
1281 2136 1419 2212 edifitia,
1451 2138 1601 2201 breviter
1623 2139 1849 2227 loquendo,
1875 2148 1917 2213 sic

702 2244 785 2298 sunt
799 2234 976 2298 devastata
992 2235 1085 2314 quod
1101 2284 1108 2309 ,
1140 2235 1205 2297 nisi
1220 2233 1376 2298 celeriter
1391 2233 1585 2296 remedium
1601 2250 1853 2321 apponatur,
1879 2244 1916 2309 ad

702 2350 812 2395 unum
830 2332 988 2413 inpetum
1005 2342 1169 2395 corruent
1187 2332 1289 2395 venti.
1314 2331 1422 2394 Debet
1439 2330 1543 2393 modo
1558 2350 1614 2393 xo.
1632 2333 1762 2403 libras
1780 2352 1918 2407 monete

700 2428 886 2502 currentis,
902 2438 954 2491 set
966 2428 1158 2490 necessario
1169 2428 1344 2509 oportebit
1355 2430 1560 2490 contrahere
1570 2428 1753 2499 debitum
1766 2436 1808 2501 in
1823 2440 1918 2505 blado

702 2543 766 2607 pro
781 2524 909 2587 domus
924 2523 1177 2588 sustentatione
1192 2542 1303 2604 usque
1318 2523 1360 2586 ad
1377 2544 1430 2586 xx.
1448 2525 1563 2586 libras.

741 2623 759 2701 5
782 2641 837 2683 10.
869 2620 930 2683 Dic
952 2619 1124 2683 dominica
1148 2638 1217 2701 qua
1237 2629 1397 2683 cantatur
1418 2623 1517 2684 Oculi
1536 2624 1616 2683 mei«l
1643 2623 1805 2697 fuimus
1827 2634 1916 2719 apud

702 2719 920 2799 Vergeyum:
936 2735 1104 2780 numerus
1116 2719 1367 2779 monachorum
1382 2718 1440 2797 qui
1453 2717 1555 2781 debet
1565 2717 1708 2787 ibidem
1722 2746 1812 2795 esse
1823 2750 1916 2805 amu,

702 2814 785 2878 dicit
798 2814 898 2877 nobis
913 2813 1064 2877 decanus
1079 2812 1171 2895 quod
1189 2813 1260 2876 duo
1274 2811 1439 2876 deliciunt
1456 2815 1514 2894 qui
1532 2826 1616 2878 sunt
1634 2825 1814 2905 mortui;
1832 2826 1919 2891 diri-

702 2927 786 2973 num
803 2908 956 2972 oificium
971 2909 1057 2971 bene
1072 2907 1122 2983 fit,
1140 2908 1355 2988 hospitalitas
1367 2911 1439 2990 pari
1455 2912 1572 2983 modo,
1585 2912 1806 2987 elemosina
1820 2925 1917 2989 mini·

702 3023 768 3081 me,
799 3004 859 3067 sed
886 3006 1040 3087 neglecta
1065 3014 1117 3067 est
1140 3003 1212 3067 fieri
1234 3023 1253 3066 a
1273 3015 1429 3087 tempore
1449 3005 1541 3069 domi
1554 3008 1680 3074 Jacobi
1699 3016 1752 3079 de
1772 3019 1916 3105 Bassey,

701 3100 760 3183 qui
785 3100 852 3164 fuit
875 3102 980 3183 longo
1004 3110 1170 3181 tempore.
1202 3100 1357 3167 Decantm
1372 3105 1430 3184 qui
1454 3123 1546 3168 nunc
1560 3116 1614 3168 est
1628 3108 1788 3179 invenit
1808 3120 1917 3185 multa

700 3198 833 3262 edificia
848 3198 1007 3280 disrupta
1027 3197 1286 3279 etdiscuoperta
1300 3212 1371 3263 tam
1383 3202 1417 3262 in
1429 3204 1541 3283 capite
1552 3222 1663 3283 quam
1681 3208 1722 3273 in
1739 3218 1916 3283 menbris.

699 3295 788 3359 sicut
798 3294 1287 3358 ininventarioindeconfccto
1297 3298 1579 3380 continetur,que
1588 3320 1656 3380 pro
1666 3317 1788 3385 parte
1798 3292 1917 3377 tamin'

698 3394 811 3475 capite
826 3410 933 3473 quam
949 3393 984 3455 in
1001 3392 1168 3457 membris
1182 3392 1334 3455 decanus
1349 3393 1409 3473 qui
1425 3413 1517 3458 nunc
1532 3404 1584 3457 est
1597 3408 1815 3487 reparavit,
1829 3410 1919 3475 etde

696 3489 751 3551 die
761 3490 796 3551 in
809 3488 901 3553 diem
915 3508 1073 3571 reparare
1086 3508 1154 3552 non
1167 3498 1278 3551 cessat
1292 3498 1326 3551 et
1337 3490 1452 3553 adhuc
1463 3502 1547 3555 sunt
1559 3494 1674 3558 multa
1690 3508 1918 3585 reparanda,

696 3603 764 3666 que
780 3586 849 3649 vita
874 3586 998 3650 comite
1020 3588 1206 3668 reparabit.
1239 3588 1324 3649 Item
1348 3585 1432 3649 dicit
1447 3587 1600 3651 decanus
1616 3595 1728 3673 quod
1749 3609 1919 3687 tempore

695 3691 869 3746 retroacto
885 3681 950 3745 luit
966 3682 1110 3763 quidam
1128 3683 1238 3756 milcS,
1264 3681 1325 3761 qui
1342 3701 1406 3763 pro
1422 3684 1576 3747 remedio
1592 3687 1721 3755 anime
1739 3712 1816 3762 sue
1829 3718 1921 3765 con-

696 3779 776 3841 tulit
791 3778 964 3860 quosdam
982 3778 1152 3851 redditus
1171 3776 1228 3840 sed
1247 3776 1385 3858 pacifice
1398 3798 1465 3841 non
1480 3781 1594 3861 potuit
1604 3781 1754 3855 domus
1768 3795 1918 3875 habere,

695 3876 776 3956 quia
792 3885 891 3938 erant
904 3875 947 3938 de
963 3874 1062 3938 feodo
1078 3873 1170 3937 domi
1185 3875 1285 3938 ducis
1299 3875 1519 3957 Burgundie:
1535 3876 1680 3943 tandem
1700 3892 1820 3967 pueri
1836 3893 1919 3959 dicti

695 3971 815 4034 militis
838 3972 1017 4035 solverunt
1041 3971 1173 4035 decano
1199 3970 1258 4052 qui
1285 3990 1348 4051 pro
1370 3981 1530 4054 tempore
1549 3973 1615 4036 suit
1640 3976 1672 4040 C
1698 3981 1840 4069 libras,
1864 3990 1920 4055 ille

693 4066 847 4130 decanus
863 4067 1051 4149 assignavit
1068 4070 1210 4131 sacriste
1223 4068 1282 4149 qui
1300 4087 1366 4149 pro
1379 4078 1537 4151 tempore
1552 4069 1629 4147 fuit,
1642 4073 1691 4137 dc
1700 4083 1919 4153 redditibus

693 4168 736 4227 ab
752 4165 900 4247 antiquo
915 4167 957 4229 ad
968 4184 1124 4229 mensam
1136 4164 1254 4230 decani
1270 4166 1521 4245 spectantibus,
1534 4168 1561 4231 C
1573 4166 1677 4233 solid.
1690 4184 1916 4249 annuatim:

691 4258 769 4324 illos
781 4261 810 4325 C
822 4261 921 4324 solid.
940 4262 1067 4343 repetit
1080 4262 1231 4326 decanus
1243 4258 1304 4344 qui
1323 4278 1415 4324 nunc
1431 4272 1484 4325 est
1498 4281 1517 4326 a
1531 4263 1691 4345 sacrista,
1719 4272 1918 4347 affirmans

720 4480 747 4538 9.
767 4478 803 4538 ιδ
815 4496 897 4537 marr.
961 4504 964 4511 ·
