3862 5610
569 673 578 727 j
624 644 687 709 112
1137 660 1309 707 arreumx

621 777 715 865 nulla
730 776 842 858 specie
857 776 910 838 vel
927 775 1031 839 modo
1053 774 1239 857 perfectrus
1258 775 1365 858 geria
1387 776 1543 858 quolibet
1557 778 1721 857 creditur,
1740 778 1805 843 nisi

619 875 662 936 ab
676 872 730 936 his
745 872 805 954 qui
828 872 1032 954 postpositis
1059 870 1174 935 saeculi
1204 871 1476 954 impedimentis,
1505 875 1709 957 abrutisque
1724 894 1807 938 om-

620 970 723 1033 nibus
738 970 948 1047 retinaculis,
966 970 1032 1032 sub
1048 968 1250 1031 monachico
1266 978 1427 1045 scemate,
1443 988 1573 1050 sponso
1594 971 1654 1051 qui
1679 972 1714 1033 in
1736 991 1806 1035 coe-

619 1067 662 1128 lis
688 1075 741 1129 est
765 1066 936 1148 perhenni
958 1066 1066 1140 abitu,
1090 1073 1192 1148 gestu
1205 1072 1312 1145 atque
1333 1075 1413 1128 actu
1435 1066 1607 1147 applicare
1631 1085 1705 1129 sese
1730 1086 1804 1131 ma-

619 1164 759 1239 luerint,
787 1164 915 1245 quibus
938 1171 1075 1224 tautum
1090 1162 1205 1223 vivere
1232 1160 1393 1225 Christus
1418 1171 1470 1224 est
1492 1172 1525 1224 et
1545 1163 1633 1225 mori
1652 1164 1801 1226 lucrum.

618 1260 732 1343 Igitur
746 1260 879 1322 cunctis
894 1266 1021 1321 sanctae
1036 1256 1158 1319 matris
1178 1257 1337 1320 Ecclesiae
1361 1257 1452 1334 filiis,
1478 1267 1550 1321 tam
1575 1259 1805 1340 praesentibus

618 1374 722 1436 quam
732 1354 868 1432 suturis,
883 1364 1090 1418 notumessc
1098 1353 1261 1418 volumus
1271 1353 1365 1435 quod
1379 1356 1484 1418 beate
1496 1357 1672 1419 memoriae
1687 1375 1803 1421 comes

618 1453 824 1527 Lanbertus,
861 1470 924 1532 per
952 1459 1075 1515 cuncta
1098 1448 1292 1514 laudandus
1318 1451 1473 1532 nullique
1490 1453 1563 1515 suis
1585 1453 1802 1534 temporibus

616 1552 682 1614 sub
697 1548 842 1612 clamide
857 1549 984 1612 terreni
1000 1548 1135 1629 imperii
1157 1548 1193 1610 in
1214 1547 1402 1610 christiana
1425 1548 1590 1630 religione
1614 1549 1799 1627 secunduS,

614 1648 659 1710 ob
674 1665 827 1709 amorem
845 1645 905 1709 Dei
913 1645 1185 1725 Omnipotentis,
1201 1654 1409 1726 cooperante
1420 1645 1454 1706 in
1467 1647 1531 1708 hoc
1543 1646 1659 1727 ipsum
1670 1646 1801 1708 domno

615 1743 742 1809 Maiolo
756 1744 890 1817 abbate,
907 1742 1084 1824 quoddam
1100 1743 1310 1817 coenobium,
1342 1741 1435 1824 quod
1453 1743 1561 1806 Vallis
1580 1745 1693 1807 Aurea
1709 1743 1801 1806 dici-

614 1850 685 1916 tur,
702 1840 736 1902 in
750 1840 893 1921 proprio
911 1839 1107 1903 construxit
1122 1839 1195 1902 solo
1226 1839 1260 1900 in
1280 1839 1595 1920 Augustudunensi
1610 1850 1620 1893 1
1645 1858 1746 1921 pag0,
1763 1840 1801 1903 in

614 1941 745 2001 honore
768 1937 829 2000 Dei
857 1936 1117 2017 Omnipotentis
1158 1946 1192 1998 et
1228 1936 1386 2018 gloriosa
1417 1936 1536 1999 Mariae
1569 1937 1735 2018 Virginis,
1760 1956 1801 2000 ac

614 2032 705 2098 beati
718 2036 736 2097 J
739 2034 886 2097 ohannis
898 2033 1121 2115 praecursoris
1132 2032 1264 2098 Christi
1278 2040 1291 2084 11
1319 2056 1325 2094 2
1345 2053 1384 2097 ea
1399 2033 1573 2116 siquidem
1588 2032 1667 2111 lide,
1683 2052 1721 2096 ea
1737 2052 1801 2114 spe

612 2130 913 2213 atquedevocione
930 2138 981 2205 ut,
999 2128 1159 2211 quamvis
1187 2129 1261 2210 ipse
1276 2139 1400 2192 cuncta
1427 2140 1648 2193 contemnere
1677 2130 1803 2211 nequi-

612 2228 730 2303 visset,
743 2238 859 2290 tamen
871 2227 956 2289 dum
968 2226 1091 2289 mundi
1102 2234 1371 2308 contemptores,
1388 2245 1477 2307 quos
1488 2227 1615 2308 justosv
1628 2245 1690 2308 pro
1704 2237 1803 2290 certo

611 2323 783 2400 credebat,
801 2323 1004 2404 susciperet,
1023 2323 1216 2386 mercedem
1239 2323 1414 2403 justorum
1439 2323 1615 2405 reciperet.
1642 2322 1804 2388 Decrevit

609 2421 712 2484 etiam
735 2420 885 2484 eundem
916 2421 1030 2483 locum
1051 2419 1198 2484 liberum
1225 2440 1299 2483 esse
1321 2423 1364 2483 ab
1388 2422 1483 2484 omni
1512 2421 1707 2502 cujuspiam
1734 2420 1804 2484 loci

612 2518 825 2599 subjectione
844 2536 882 2579 ac
898 2517 1050 2580 saeculari
1079 2517 1329 2594 dominacione,
1346 2519 1394 2581 ita
1414 2528 1453 2582 ut
1477 2518 1594 2582 liceret
1618 2518 1805 2582 monachis

611 2613 695 2676 inibi
717 2614 924 2697 degentibus
940 2615 1010 2677 Deo
1026 2614 1153 2676 servire
1168 2617 1234 2677 sub
1249 2614 1392 2695 proprio
1407 2623 1557 2696 pastore,
1574 2633 1612 2677 ac
1627 2633 1690 2695 pro
1702 2623 1805 2679 statu

611 2710 723 2774 tocius
737 2710 898 2775 Ecclesiae
914 2710 984 2774 Deo
999 2710 1229 2792 infatigabiles
1246 2729 1365 2792 preces
1385 2708 1579 2788 effundere3
1599 2710 1659 2791 qui
1679 2710 1804 2790 etiam,

611 2806 780 2889 quamdiu
793 2814 821 2858 111
836 2810 940 2872 rebus
962 2808 1125 2873 humanis
1135 2807 1305 2883 interfuit,
1322 2807 1438 2888 ipsum
1454 2807 1569 2869 locum
1585 2805 1749 2869 decenter
1764 2807 1806 2872 in

611 2904 775 2969 omnibus
789 2904 958 2970 adornare
968 2905 1112 2983 curavit,
1135 2923 1240 2988 quem
1256 2904 1355 2985 quasi
1370 2903 1524 2984 quodam
1545 2902 1674 2967 amoris
1688 2902 1809 2984 privi-

610 3002 699 3084 legio
723 3010 825 3084 prae¹¹
849 3002 1013 3066 omnibus
1027 3002 1157 3065 dilexit.
1172 3002 1239 3065 Sed
1255 3020 1336 3065 cum
1349 3008 1375 3052 ¹²
1389 2999 1631 3082 refrigescente
1644 3000 1808 3081 caritate,

611 3116 875 3181 supercrescens
889 3099 1056 3181 iniquitas
1071 3099 1141 3181 jam
1156 3099 1295 3181 jamque
1316 3099 1352 3161 in
1376 3098 1610 3181 quorumdam
1632 3097 1811 3167 cordibus

608 3197 846 3281 principatum
861 3196 925 3260 sibi
942 3196 1104 3272 vindicat,
1120 3197 1325 3261 venerabilis
1350 3198 1454 3278 Hugo
1476 3195 1568 3259 lilius
1583 3195 1668 3277 ejus,
1684 3197 1811 3278 gratia

610 3294 671 3359 Dei
687 3313 722 3357 se
739 3293 981 3377 praeveniente,
999 3313 1076 3375 quae
1091 3313 1172 3357 eum
1188 3295 1382 3378 segregavit
1390 3313 1428 3358 ac
1440 3293 1698 3375 praedestinavit
1709 3313 1811 3376 prae-

609 3391 721 3453 sulem
730 3390 802 3454 fore
817 3409 889 3454 suae
899 3400 1027 3454 sanctae
1040 3392 1210 3469 Ecclesiae,
1227 3394 1297 3455 alto
1306 3391 1433 3455 mentis
1443 3390 1573 3455 intuitu
1582 3390 1810 3473 perspiciens

608 3488 806 3553 mundanos
821 3508 921 3553 casus
936 3508 1074 3571 semper
1085 3489 1121 3552 in
1136 3489 1290 3553 deterius
1305 3490 1474 3564 ruituros,
1489 3487 1663 3570 simulque
1674 3491 1812 3555 consi-

607 3586 733 3650 derans
743 3586 981 3667 supradictum
992 3587 1106 3651 locum
1115 3586 1150 3649 in
1158 3587 1279 3650 eodem
1290 3594 1462 3666 statuquo
1474 3593 1573 3665 peter
1583 3603 1669 3648 suus
1677 3583 1810 3655 decre·

605 3693 703 3747 verat
718 3683 861 3746 omnino
870 3703 932 3765 per
942 3702 978 3746 se
992 3693 1082 3746 stare
1092 3703 1162 3747 non
1174 3701 1287 3765 posse,
1305 3681 1537 3744 cumconsilio
1549 3679 1691 3763 gloriosi
1703 3686 1810 3767 regis

606 3781 815 3844 Rodberti1³
831 3790 1068 3861 atqueeorum
1085 3782 1146 3862 qui
1158 3781 1262 3843 simul
1271 3778 1415 3843 aderaut
1440 3777 1697 3858 episcoporum,
1715 3796 1811 3847 nec-

606 3893 674 3939 non
688 3877 837 3940 Aeinrici
853 3884 878 3928 11
898 3875 1220 3956 ducis,jamdictum
1230 3874 1428 3938 coenobium
1439 3892 1518 3937 cum
1538 3870 1632 3934 omni
1647 3870 1811 3958 integri-

602 3969 1811 4054 tatetraditbeatisapostolisPetroetPauloetCluniacensimonaste·
1846 3980 1852 3988 '

602 4072 665 4148 rib,
681 4071 736 4134 cui
746 4079 871 4152 praeest
891 4076 917 4120 ¹⁵
928 4069 1081 4134 domnus
1093 4071 1195 4134 Odilo
1217 4094 1223 4134 :
1247 4072 1295 4134 ita
1307 4079 1348 4134 ut
1362 4071 1500 4146 habeat,
1514 4078 1585 4132 tam
1594 4068 1669 4150 ipse
1682 4086 1808 4150 quam

601 4169 706 4233 etiam
720 4167 774 4231 sui
789 4185 1015 4247 successores,
1033 4167 1170 4232 firmam
1185 4166 1587 4233 auctoritatemeundem
1604 4165 1726 4231 locum
1743 4189 1810 4237 ne-

630 4359 656 4413 7.
675 4366 698 4414 A
716 4362 845 4414 A-din-i.
859 4391 889 4400 --
901 4363 928 4415 8.
944 4366 968 4416 B
984 4363 1016 4416 C.
1033 4379 1060 4429 p.
1076 4393 1106 4402 -
1120 4366 1146 4418 9.
1166 4369 1189 4418 Α
1209 4366 1257 4429 j·0.
1273 4393 1303 4402 -
1320 4364 1361 4416 10.
1382 4363 1561 4430 Bquandiu.
1575 4389 1605 4400 -
1620 4361 1663 4415 11.
1681 4365 1707 4419 A
1728 4376 1806 4435 pro.

599 4450 630 4465 ··
645 4424 687 4480 12.
703 4427 727 4478 B
742 4440 843 4492 quum.
859 4454 889 4464 -
904 4427 945 4479 15.
960 4429 985 4479 B
1001 4428 1114 4482 Rotb-i.
1130 4456 1160 4467 ·-
1176 4429 1218 4481 14.
1233 4429 1258 4479 B
1271 4427 1381 4495 Aeyr-i.
1396 4453 1426 4465 -
1441 4426 1483 4479 15.
1499 4427 1522 4479 A
1548 4432 1637 4492 prest.
