3862 5610
695 565 761 632 160
1202 573 1375 622 mmlx

692 706 787 761 statu
808 695 898 759 dicte
919 694 1064 767 domus,
1094 697 1213 752 tamen
1234 687 1361 752 dicitur
1379 684 1474 769 quod
1495 684 1606 749 estin
1627 685 1719 748 bono
1730 693 1831 750 statu
1846 693 1885 750 et

693 793 797 858 nichil
813 792 927 868 debet,
944 798 984 852 ut
999 794 1120 871 postea
1136 785 1223 849 dixit
1238 781 1338 848 nobis
1353 783 1459 865 prior.

731 893 748 972 §
761 889 794 953 8.
808 888 913 969 Apud
928 886 1051 962 Vilete,
1068 883 1128 966 qui
1145 882 1293 946 mediate
1308 882 1430 944 subest
1450 878 1620 962 prioratui
1631 878 1674 942 de
1685 878 1886 955 Nantuac0,

693 988 820 1051 domus
842 996 894 1050 est
907 985 943 1047 in
959 983 1097 1065 peximo
1121 989 1217 1044 statu
1239 978 1274 1041 in
1299 975 1539 1060 spiritualibus
1560 985 1595 1039 et
1617 976 1886 1057 temporalibuS,

692 1084 775 1165 quia
790 1089 1030 1145 moverterunt
1045 1080 1221 1142 clautrum
1235 1085 1270 1139 et
1284 1073 1431 1137 edifficia
1443 1073 1596 1136 totaliter
1608 1072 1833 1154 cor(ru)unt;
1851 1078 1889 1135 et

693 1180 822 1243 ibidem
847 1179 1004 1241 solebant
1026 1193 1101 1238 esse
1122 1175 1218 1256 prior
1239 1180 1274 1235 et
1295 1170 1468 1248 monachi,
1500 1170 1605 1233 modo
1619 1170 1748 1233 ibidem
1765 1170 1890 1234 nullus

695 1275 878 1351 inhabitat,
909 1293 971 1338 nec
990 1273 1121 1337 ibidem
1140 1271 1176 1334 in
1199 1270 1291 1335 dicta
1311 1271 1417 1335 domo
1438 1270 1600 1334 divinum
1621 1269 1775 1334 officium
1797 1269 1891 1334 cele-

694 1375 826 1437 bratur.

731 1472 749 1551 ἓ
762 1491 796 1554 9.
814 1468 919 1550 Apud
936 1469 1157 1531 Nantuacum
1173 1473 1256 1529 sunt
1269 1464 1391 1547 viginti
1401 1474 1435 1529 et
1446 1474 1517 1529 tres
1530 1464 1702 1528 monachi.
1718 1466 1889 1530 Divinum

695 1565 848 1629 officium
864 1565 900 1627 in
913 1564 1034 1627 eodem
1051 1565 1125 1626 loco
1142 1565 1227 1626 bene
1242 1561 1453 1639 celebratur,
1471 1569 1505 1625 et
1520 1561 1607 1624 ordo
1619 1570 1654 1624 et
1669 1562 1789 1644 religio
1802 1561 1891 1626 satis

696 1669 935 1742 competenter
956 1663 1170 1722 observatur.
1200 1659 1333 1722 Domus
1353 1657 1456 1721 debet
1475 1658 1569 1721 mille
1591 1658 1696 1721 libras
1713 1660 1887 1723 Viennen.

696 1758 821 1821 Comes
831 1755 1175 1820 Gebernensisdebet
1186 1754 1329 1818 reddere
1340 1755 1484 1837 triginta
1496 1755 1638 1818 libratas
1657 1766 1748 1819 terre
1763 1755 1890 1820 domui
1921 1764 1924 1771 '

696 1853 739 1916 de
763 1855 943 1917 Nantuaco
970 1871 1033 1934 pro
1057 1851 1233 1915 excambio
1257 1850 1300 1916 de
1323 1854 1355 1916 la
1379 1854 1549 1929 Corbere3
1580 1852 1674 1916 dom·
1697 1853 1888 1936 episcopus

696 1950 929 2013 Valetinensis
943 1958 996 2012 est
1011 1950 1045 2012 in
1062 1948 1303 2030 prosecutione
1318 1949 1402 2013 dicti
1421 1949 1599 2028 excambii,
1627 1958 1734 2032 prout
1757 1968 1889 2031 procu-

696 2055 791 2111 rator
815 2046 985 2111 Nantuaci
1014 2046 1114 2108 nobis
1138 2045 1236 2108 dixit.
1267 2045 1418 2118 Quidam
1443 2045 1624 2122 sacerdos,
1653 2046 1713 2126 qui
1738 2053 1889 2111 vocatur

696 2146 810 2225 Aymo
825 2143 866 2206 de
882 2143 1080 2217 Taluxiaco‚
1094 2149 1189 2205 tenet
1201 2140 1347 2206 domum
1359 2142 1402 2206 de
1414 2143 1601 2207 Chantriac
1611 2161 1654 2204 en
1664 2143 1887 2225 Choutayne,

696 2258 765 2322 que
793 2241 913 2304 subest
928 2239 1095 2320 prioratui
1110 2238 1153 2301 de
1168 2239 1370 2317 Nantuaco;
1394 2239 1491 2302 vinee
1506 2238 1597 2302 dicte
1613 2238 1739 2302 domus
1753 2239 1889 2304 inculte

696 2345 943 2401 remenxerunt
957 2346 991 2398 et
1006 2335 1151 2400 edifficia
1166 2337 1386 2418 corrulu)nt;
1409 2335 1584 2417 juridictio
1599 2346 1633 2399 et
1647 2336 1888 2417 possessiones

696 2444 844 2517 pereunt
859 2446 893 2498 et
905 2453 968 2516 per
981 2434 1112 2497 vicinos
1127 2442 1353 2515 occupentur.

735 2535 752 2614 ᾖ
769 2552 824 2595 ιο.
842 2531 946 2613 Apud
962 2531 1169 2613 Gigniacum
1184 2540 1267 2594 sunt
1283 2532 1426 2615 triginta
1440 2540 1512 2595 tres
1528 2531 1699 2594 monachi.
1718 2531 1888 2596 Divinum

697 2629 850 2694 officium
877 2629 960 2693 satis
981 2637 1218 2710 competenter
1239 2629 1442 2692 celebratur.
1471 2627 1619 2699 Quidam
1644 2629 1821 2709 prioratus
1851 2638 1888 2694 et

697 2727 848 2811 quedam
874 2726 1108 2808 possessiones
1132 2726 1310 2808 prioratus
1344 2727 1387 2790 de
1421 2726 1587 2809 Gigniaco
1613 2734 1697 2789 sunt
1719 2726 1885 2811 obligate,

698 2825 821 2889 nonde
836 2842 934 2888 novo:
946 2823 1053 2905 prior,
1067 2831 1108 2885 ut
1119 2824 1219 2886 nobis
1229 2824 1328 2901 dixit,
1341 2843 1411 2888 non
1422 2832 1537 2906 potest
1547 2822 1688 2906 aliquod
1699 2825 1888 2889 consilium

696 2940 891 3004 apponere;
920 2929 989 2983 tres
1012 2919 1111 3001 pueri
1135 2919 1250 2984 induti
1272 2927 1414 2985 luerunt
1437 2921 1502 2984 hoc
1523 2938 1625 2982 anno.
1643 2919 1770 3002 Aliqua
1785 2933 1888 2986 erant

697 3019 911 3101 corrigenda,
929 3034 997 3099 que
1012 3015 1224 3099 precipimus
1241 3016 1366 3100 corrigi
1379 3025 1414 3081 et
1428 3015 1616 3080 emandari.
1632 3015 1766 3080 Domus
1781 3017 1888 3081 debet

697 3117 781 3180 VlJc
802 3114 907 3179 libras
922 3115 1111 3189 Turonen3
1126 3115 1231 3176 habet
1247 3114 1388 3178 bladum
1404 3123 1438 3178 et
1452 3114 1574 3178 vinum
1589 3113 1759 3195 usquead
1775 3133 1889 3180 novos

698 3213 842 3278 fructus.

736 3313 754 3393 ἓ
770 3332 824 3374 11.
841 3310 945 3393 Apud
960 3306 1128 3375 Sanctum
1143 3306 1384 3373 Marcellinum
1400 3315 1483 3371 sunt
1497 3306 1622 3389 viginti
1638 3327 1750 3373 unum
1766 3327 1889 3374 mona-

697 3408 754 3471 chi
778 3426 859 3471 cum
880 3408 1005 3490 priore.
1035 3406 1201 3470 Divinum
1225 3403 1378 3467 officium
1401 3401 1532 3466 ibidem
1560 3404 1647 3467 bene
1668 3405 1888 3484 celebratum

698 3502 785 3567 ordo
793 3512 826 3566 et
834 3503 954 3585 religio
964 3502 1047 3566 satis
1057 3509 1294 3582 competenter
1304 3502 1520 3564 observatur.
1533 3500 1666 3565 Domus
1674 3502 1890 3585 estobligata

698 3600 838 3664 duobus
860 3599 952 3663 mille
968 3600 1033 3664 VJc
1054 3619 1130 3661 va.
1155 3598 1252 3661 libris
1273 3617 1334 3660 xu.
1358 3597 1420 3660 sol.
1444 3617 1477 3659 x.
1503 3596 1582 3661 den.
1600 3599 1783 3677 Viennen.;
1799 3598 1888 3664 item

698 3697 795 3779 prior
815 3716 880 3778 pro
903 3716 939 3760 se
960 3697 1064 3760 debet
1084 3715 1148 3778 pro
1170 3694 1322 3779 negociis
1337 3695 1498 3773 celsium,
1523 3714 1588 3777 pro
1603 3705 1644 3759 ut
1659 3695 1774 3759 dictus
1788 3695 1890 3777 prior

700 3795 800 3860 nobis
815 3795 913 3870 dixit,
929 3794 1019 3858 circa
1034 3796 1082 3858 M.
1100 3794 1206 3857 libras
1222 3794 1390 3856 Viennen.
1409 3793 1592 3857 Clautrum
1603 3792 1888 3857 etedifficiacor-

698 3893 834 3974 ru(u)nt
854 3898 888 3954 et
910 3891 1090 3954 minantur
1107 3889 1258 3969 ruinam,
1288 3897 1323 3954 et
1345 3891 1497 3954 maneria
1520 3909 1588 3973 que
1607 3900 1703 3954 tenet
1724 3891 1821 3972 prior
1841 3892 1888 3956 ad

699 4007 842 4053 manum
858 4007 959 4052 suam
974 3995 1057 4052 sunt
1069 3994 1207 4051 corrute
1222 4006 1287 4069 pro
1300 3985 1422 4068 majori
1434 3995 1544 4068 parte,
1567 3996 1674 4070 prout
1685 3987 1774 4050 dixit
1784 3987 1890 4054 nobis

698 4084 811 4167 prior;
833 4084 983 4166 quedam
999 4083 1216 4166 posessiones
1231 4091 1265 4146 et
1280 4082 1455 4165 prioratus
1473 4082 1630 4165 ejusdem
1653 4083 1780 4148 domus
1801 4094 1890 4150 sunt

696 4181 843 4246 alienate
857 4184 901 4244 ad
916 4181 1024 4244 vitam
1038 4181 1238 4244 tenencium
1249 4198 1362 4263 usque
1375 4180 1419 4243 ad
1433 4182 1586 4245 valorem
1605 4181 1699 4245 mille
1711 4180 1891 4245 ducenta-

698 4296 779 4342 rum
802 4278 972 4342 librarum
990 4276 1097 4341 annui
1119 4275 1277 4342 redditus
1291 4277 1344 4340 vel
1358 4277 1457 4342 circa.
1484 4278 1664 4344 Prioratus
1678 4277 1722 4341 de
1735 4277 1890 4344 Artariis
