3862 5610
652 494 715 559 152
1165 516 1337 561 Avaeuorx

694 648 749 692 ιο.
776 627 838 692 Die
853 628 971 693 lune1³
989 629 1217 712 subsequenti
1226 627 1457 710 luimusapud
1466 627 1633 691 Sanctum
1645 627 1847 704 Nicecium‚

650 725 711 789 ubi
726 725 924 791 invenimus
942 742 1019 790 instr
1034 729 1223 792 monachos
1241 725 1354 789 :duos
1378 742 1530 806 quorum
1546 733 1669 788 neuter
1690 725 1851 788 videba-

648 831 709 885 tur
723 841 772 884 xu
788 841 898 887 annos
914 825 1052 900 habere,
1066 826 1153 888 alter
1165 841 1286 887 eorum
1303 821 1476 885 nesciebat
1487 820 1524 884 in
1539 819 1680 885 salterio
1692 821 1847 885 unicum

648 921 822 1000 ve(r)bum
838 921 968 1003 legere;
985 922 1055 986 duo
1067 920 1227 985 monachi
1239 918 1340 984 etatis
1351 917 1654 998 perfectehoneste
1664 918 1733 980 vite
1746 917 1847 981 dice-

647 1014 777 1079 bantur
791 1035 875 1079 esse.
890 1017 967 1081 Duo
984 1018 1182 1081 molendina
1192 1015 1335 1081 tradidit
1346 1017 1381 1075 in
1398 1031 1503 1076 manu
1520 1013 1628 1076 laicali
1642 1013 1843 1076 obbedien-

645 1110 771 1175 ciarius
784 1114 844 1193 qui
860 1123 954 1177 tenet
968 1115 1113 1178 domum
1137 1125 1171 1178 et
1190 1115 1247 1177 illa
1267 1110 1465 1175 molendina
1481 1110 1727 1185 destruuntur,
1750 1110 1842 1190 quia

647 1226 714 1270 non
731 1216 784 1271 est
801 1209 861 1290 qui
877 1208 977 1273 faciat
1002 1210 1097 1290 quod
1123 1210 1263 1291 expedit
1277 1209 1319 1272 ad
1334 1207 1635 1272 conservacionem
1652 1207 1812 1287 ipsorum
1831 1227 1841 1282 3

644 1305 679 1385 in
700 1304 860 1368 fenestris
874 1307 964 1370 circa
978 1307 1099 1370 altaria
1112 1326 1181 1369 non
1198 1316 1280 1371 sunt
1301 1307 1409 1368 vitree
1433 1313 1468 1367 et
1490 1305 1600 1368 multa
1615 1303 1681 1368 alia
1697 1304 1841 1367 minora

644 1401 811 1465 deficiunt
827 1403 884 1480 ibi,
903 1423 972 1485 que
989 1403 1231 1467 mandavimus
1246 1400 1498 1465 obedienciario
1513 1401 1607 1481 quod
1617 1400 1837 1463 emendaret.

643 1494 873 1580 Hospitalitas
895 1510 929 1563 et
954 1501 1141 1563 elemosina
1168 1519 1237 1563 non
1252 1499 1303 1574 fit,
1326 1518 1387 1561 nec
1408 1498 1450 1560 ad
1477 1498 1693 1561 voluntatem
1717 1496 1838 1560 clerici

641 1594 878 1676 procuratoris
902 1596 1164 1671 obedientiarii;
1194 1595 1335 1659 totalem
1374 1592 1517 1655 omnino
1554 1592 1837 1674 jurisdictionem

643 1701 780 1755 exercet
796 1691 961 1757 dominus
977 1694 1060 1756 Belli
1075 1694 1092 1756 J
1096 1693 1147 1757 oci
1165 1714 1171 1754 :
1189 1690 1350 1755 monachi
1365 1709 1446 1752 vero
1461 1689 1591 1752 ibidem
1606 1708 1838 1753 commoran-

642 1797 694 1852 tes
709 1788 874 1852 dixerunt
890 1788 983 1869 quod
1012 1808 1117 1870 parve
1132 1788 1277 1851 emende
1293 1788 1450 1849 solebant
1473 1786 1647 1867 pertinere
1671 1786 1713 1849 ad
1738 1786 1838 1867 prio-

643 1904 728 1949 rem.
756 1885 853 1949 Illius
880 1887 944 1950 loci
972 1886 1100 1950 domus
1126 1905 1195 1948 non
1222 1893 1296 1948 erat
1318 1883 1494 1964 obbligata
1521 1882 1648 1946 debitis
1677 1902 1738 1945 nec
1766 1883 1838 1947 alia

645 1984 756 2047 multa
774 1984 930 2047 alienata.

684 2104 739 2147 11.
773 2081 836 2145 Die
865 2082 985 2145 martis
1004 2082 1232 2164 subsequenti
1250 2088 1278 2132 ¹⁴
1294 2079 1426 2144 fuimus
1440 2079 1533 2161 apud
1549 2080 1671 2144 hltum
1685 2081 1702 2143 J
1707 2100 1833 2163 ugum,

640 2180 700 2244 ubi
716 2190 799 2243 sunt
811 2180 882 2243 duo
905 2179 1077 2253 monachi,
1096 2180 1156 2260 qui
1181 2180 1347 2243 dicuntur
1367 2196 1442 2240 esse
1458 2180 1604 2241 honeste
1619 2178 1708 2253 vite;
1735 2196 1834 2242 unus

640 2295 762 2339 eorum
786 2284 838 2338 est
865 2275 1035 2351 sacerdos,
1050 2276 1137 2339 alter
1162 2295 1255 2353 non;
1282 2274 1513 2339 benefaciunt
1542 2276 1727 2339 servicium
1754 2277 1830 2339 Dei.

642 2372 775 2435 Domus
790 2370 858 2434 fere
871 2390 993 2435 omnes
1008 2382 1156 2444 ruerunt
1171 2391 1233 2435 nec
1247 2386 1465 2454 reparantur,
1484 2392 1544 2436 nec
1563 2373 1751 2437 elemosina
1767 2393 1833 2438 nec

643 2470 860 2551 hospitalitas
884 2469 923 2532 fit
946 2470 1018 2546 ibi;
1047 2471 1207 2533 monachi
1231 2490 1296 2551 pro
1320 2471 1415 2534 victu
1444 2472 1574 2533 habent
1595 2480 1730 2534 certum
1750 2489 1833 2551 pre-

644 2566 747 2637 cium.

684 2684 738 2731 12.
775 2663 836 2727 Die
872 2663 1033 2727 mercurii
1061 2665 1288 2747 subsequenti
1308 2671 1336 2716 ¹5
1358 2663 1488 2728 fuimus
1519 2663 1613 2746 apud
1629 2665 1830 2745 Cysiacum,

643 2761 703 2823 ubi
731 2770 815 2823 sunt
840 2769 911 2823 tres
941 2762 1125 2838 monachi;
1156 2760 1228 2825 duo
1260 2761 1474 2837 sacerdotes,
1502 2760 1589 2824 alter
1614 2779 1740 2841 parum
1768 2771 1833 2824 aut

644 2856 748 2919 nichil
771 2857 835 2920 scit
858 2866 892 2919 et
914 2867 966 2920 est
986 2857 1130 2937 juvenis.
1157 2858 1270 2921 Niehil
1293 2859 1395 2921 debet
1420 2859 1571 2933 domus3
1600 2858 1676 2939 jura
1702 2857 1833 2923 domus

644 2958 729 3018 bene
744 2955 993 3020 deffenduntur
1010 2978 1018 3031 3
1036 2976 1097 3020 nec
1112 2956 1331 3039 hospitalitas
1346 2955 1386 3018 fit
1401 2956 1460 3032 ibi,
1478 2974 1540 3019 nec
1560 2955 1629 3018 fere
1645 2955 1836 3019 elemosina

644 3053 710 3116 nisi
724 3053 868 3135 reliquie
882 3051 1041 3116 fratrum.
1060 3054 1223 3117 Monachi
1245 3053 1412 3116 dicuntur
1431 3055 1577 3116 honeste
1599 3051 1669 3114 vite
1683 3062 1717 3115 et
1745 3054 1834 3118 bene

643 3148 774 3213 faciunt
788 3149 974 3213 servicium
991 3149 1062 3212 Dei.

686 3250 740 3310 13.
774 3246 908 3311 Eodem
934 3245 989 3309 die
1012 3244 1142 3310 fuimus
1171 3247 1264 3329 apud
1280 3248 1447 3312 Sanctum
1466 3248 1657 3322 Victorem,
1675 3247 1734 3310 ubi
1747 3258 1834 3311 sunt

642 3342 714 3406 duo
738 3343 899 3407 monachi
922 3343 1118 3424 presbiteri,
1141 3347 1285 3409 honeste
1301 3345 1391 3420 vite;
1423 3344 1606 3408 servicium
1635 3342 1833 3407 secundum

641 3460 743 3521 posse
758 3459 863 3505 suum
883 3443 968 3505 bene
983 3440 1022 3503 fit
1039 3462 1047 3518 ;
1072 3459 1165 3504 unus
1180 3444 1432 3505 monachorum
1449 3442 1585 3505 inabilis
1609 3442 1652 3505 ad
1674 3441 1834 3504 celebra-

640 3537 775 3602 cionem
793 3538 896 3602 misse
911 3549 1056 3621 propter
1080 3548 1317 3602 senectutem:
1337 3557 1400 3601 nos
1422 3538 1566 3619 insuper
1589 3537 1834 3603 consuluimus

642 3654 684 3698 ne
698 3635 887 3698 celebraret
903 3656 910 3712 ;
934 3645 968 3697 et
992 3635 1211 3716 hospitalitas
1231 3644 1264 3698 et
1279 3635 1467 3697 elemosina
1483 3643 1723 3716 competenter
1738 3632 1832 3698 fiunt

641 3731 700 3805 ibi,
717 3732 911 3795 secundum
927 3732 1022 3812 quod
1039 3731 1106 3794 luit
1120 3730 1220 3793 nobis
1235 3730 1380 3793 dictum.

679 3830 761 3909 514.
786 3828 847 3892 Die
868 3828 956 3910 jovis
980 3828 1140 3909 sequenti
1157 3834 1184 3878 ¹⁰
1210 3827 1341 3891 fuimus
1361 3827 1456 3909 apud
1481 3828 1699 3910 Rigniacum,
1724 3847 1831 3911 quem

640 3924 754 3988 locum
771 3933 866 3987 tenet
884 3924 1132 4005 hospitalarius
1152 3924 1368 4007 Savigniaci:
1392 3926 1439 3988 ibi
1463 3937 1546 3990 sunt
1566 3937 1637 3990 tres
1652 3928 1828 4005 monachi,

640 4038 794 4102 quorum
808 4020 879 4084 duo
901 4029 984 4085 sunt
999 4018 1195 4102 presbiteri,
1213 4022 1299 4086 bene
1320 4031 1355 4085 et
1371 4024 1516 4088 honeste
1532 4024 1695 4088 viventes.
1731 4023 1828 4088 Hos-

672 4237 713 4289 13.
731 4252 766 4288 ra
784 4252 866 4289 mars.
881 4237 965 4290 -1-l.
982 4237 1020 4288 13
1035 4251 1117 4288 mars.
1129 4265 1160 4276 -
1174 4236 1215 4288 lo.
1232 4239 1270 4289 14
1284 4254 1366 4290 mars.
1378 4267 1408 4278 -
1425 4241 1465 4292 16.
1492 4256 1529 4307 15
1545 4255 1627 4293 mars.
