3862 5610
619 573 680 642 124
1131 586 1305 637 arenumx

618 706 827 778 remisitsse
842 703 1045 770 hominibus
1059 697 1264 766 salvamenti
1278 698 1325 764 ita
1339 697 1529 764 diffinitum
1545 708 1610 778 eet,
1623 701 1719 783 quod
1734 704 1807 768 ho-

617 804 729 870 mines
742 801 893 877 ecclesie,
910 800 971 883 qui
986 810 1116 864 terram
1131 794 1268 863 comitis
1282 814 1353 860 non
1363 805 1495 874 tenent,
1512 797 1650 862 nullum
1662 799 1807 864 omnino

615 900 799 970 servitium
822 898 889 983 ipsi
910 898 965 961 vel
988 895 1158 960 ministris
1175 893 1248 958 suis
1271 892 1399 958 debent
1412 913 1476 977 per
1490 894 1806 974 consuetudinem;

614 998 774 1063 homines
798 1014 880 1060 vero
905 992 1057 1068 ecclesie,
1081 991 1141 1073 qui
1165 1002 1294 1056 terram
1318 990 1456 1056 comitis
1474 1000 1606 1067 tenent,
1621 993 1805 1059 servitium

614 1094 710 1178 quod
742 1101 943 1159 tenemento
965 1089 1172 1172 impositum
1193 1097 1246 1153 est
1270 1089 1334 1153 sibi
1362 1089 1572 1172 persolvent.
1606 1090 1656 1155 De
1678 1100 1806 1169 oetero,

617 1191 786 1274 quoniam
809 1189 959 1274 gratiam
983 1195 1018 1251 et
1029 1204 1186 1251 amorem
1201 1186 1438 1253 cluniacensis
1453 1187 1592 1252 ecclesie
1608 1187 1675 1252 sibi
1691 1188 1810 1271 pluri-

618 1307 717 1353 mum
746 1286 930 1370 adquirere
963 1283 1146 1367 cupiebat,
1176 1283 1300 1348 statuit
1331 1283 1480 1350 firmiter
1502 1295 1537 1349 et
1559 1286 1740 1364 concessit,
1766 1294 1807 1350 ut

617 1385 736 1451 nullus
751 1383 795 1449 de
809 1384 889 1447 villa
905 1379 1123 1449 Cluniacensi
1142 1398 1205 1462 per
1216 1388 1344 1444 terram
1360 1381 1471 1464 ipsius
1486 1381 1622 1445 comitis
1636 1400 1807 1466 umquam

616 1481 835 1564 temporibus
849 1479 1038 1563 pedagium
1053 1478 1176 1553 solvat,
1192 1485 1245 1541 set
1258 1474 1302 1540 de
1319 1477 1395 1560 ipso
1407 1488 1442 1542 et
1456 1477 1499 1542 de
1514 1477 1716 1543 hominibus
1730 1477 1806 1560 ejus

616 1575 720 1644 vadat
745 1595 899 1641 securus.
928 1575 1002 1639 Has
1022 1574 1143 1656 itaque
1159 1572 1405 1639 conventiones
1419 1574 1533 1658 sigillo
1547 1575 1683 1640 comitis
1697 1575 1806 1641 Cabi-

616 1673 769 1739 lonensis
783 1671 1006 1738 confirmatas
1020 1680 1055 1735 et
1069 1668 1191 1754 sigillis
1203 1668 1448 1752 episcoporum
1464 1670 1637 1736 Eduensis
1650 1681 1685 1736 et
1699 1671 1808 1737 Cabi-

616 1770 782 1848 lonensis,
817 1770 892 1853 ipse
916 1786 1033 1834 comes
1054 1768 1090 1831 in
1114 1764 1290 1848 presentia
1311 1776 1487 1858 nostralet
1510 1771 1685 1833 baronum
1707 1768 1808 1833 nobis

616 1867 856 1934 assistentium
881 1865 1052 1930 tenendas
1076 1863 1238 1948 promisit
1260 1872 1296 1927 et
1321 1883 1427 1947 super
1448 1875 1567 1931 sancta
1590 1866 1808 1948 (Evangelia)

617 1963 756 2048 juravit,
772 1973 807 2028 et
820 1972 861 2028 ut
874 1962 978 2048 sigilli
994 1962 1104 2028 nostri
1118 1959 1325 2026 auctoritate
1340 1962 1640 2027 communiremus
1657 1961 1804 2046 rogavit.

616 2063 691 2137 Que
713 2059 830 2125 omnia
849 2068 891 2123 ut
909 2066 1122 2143 perpetuum
1138 2067 1172 2122 et
1185 2056 1381 2122 inviolabile
1396 2060 1505 2123 robur
1518 2058 1701 2142 optineant
1714 2068 1748 2122 et
1763 2077 1807 2122 ne

616 2177 636 2223 a
658 2156 806 2241 posteris
828 2154 1080 2239 quoquomodo
1101 2154 1237 2219 valeant
1260 2155 1450 2234 retractari,
1462 2164 1661 2240 presentem
1676 2166 1808 2221 cartam

616 2252 720 2338 sigilli
744 2252 856 2317 nostri
879 2251 1096 2334 inpressione
1116 2269 1156 2316 ae
1179 2252 1265 2337 regii
1290 2254 1441 2319 nominis
1462 2256 1639 2319 karaetere
1662 2252 1807 2319 inferius

615 2358 784 2417 annotato
791 2349 1008 2414 corroborari
1021 2349 1250 2432 precepimus.
1260 2349 1390 2414 Actum
1401 2348 1549 2415 Senonis
1561 2349 1806 2433 publice,ann0

615 2448 660 2511 ab
678 2445 917 2512 incarnatione
931 2445 1071 2510 Domini
1094 2447 1143 2510 Μο
1165 2447 1204 2511 C⁰
1219 2445 1370 2524 LXXX0,
1395 2447 1494 2531 regni
1510 2447 1622 2513 nostri
1640 2436 1734 2512 anno
1748 2466 1809 2511 se-

617 2543 746 2610 cundol
754 2592 762 2620 ,
771 2543 1012 2608 astantibusin
1022 2543 1152 2626 palatio
1162 2551 1294 2620 nostro,
1306 2561 1459 2625 quorum
1470 2545 1610 2608 nomina
1623 2543 1807 2627 supposita

617 2647 701 2706 sunt
714 2647 750 2705 et
764 2640 872 2723 signa.
888 2638 1037 2722 Signum
1048 2640 1186 2704 comitis
1195 2640 1373 2719 Teobaldi,
1384 2641 1530 2725 dapiferi
1544 2640 1666 2718 nostri,
1677 2641 1712 2706 S'
1722 2639 1806 2705 Gui-

615 2737 718 2803 donis
733 2735 941 2802 buticularii.
953 2736 986 2801 S‘
998 2738 1129 2802 Mathei
1139 2737 1331 2802 camerarii.
1343 2738 1376 2804 S'
1388 2738 1528 2805 Radulli
1540 2737 1800 2803 constabularii.

1223 2886 1250 2950 P
1371 2888 1398 2951 P

858 2964 947 3029 Data
960 2982 1024 3047 per
1038 2982 1182 3030 manum
1218 2972 1256 3139 l}
1295 2966 1556 3139 SqLHugonis
1577 2965 1782 3032 cancellarii.

1149 3366 1269 3472 223¹

655 3588 847 3673 Reglement
863 3587 939 3670 soit
955 3608 1023 3671 par
1045 3589 1147 3653 l'abbe
1165 3590 1206 3652 de
1223 3591 1347 3674 Cluny,
1373 3609 1412 3652 en
1437 3611 1541 3676 1197,
1565 3598 1735 3652 conterant
1759 3589 1806 3651 les

617 3687 810 3751 emolumens
824 3697 856 3748 et
871 3687 918 3749 les
932 3687 1072 3770 charges
1085 3688 1127 3750 de
1142 3689 1175 3751 la
1183 3690 1337 3770 pravest&
1345 3688 1386 3750 de
1400 3688 1529 3770 Paray.

647 4062 673 4112 7.
691 4061 768 4114 1180
782 4062 854 4114 (nov.
873 4062 983 4114 1-1181
1002 4078 1064 4116 avr.
1079 4064 1115 4119 4).

648 4259 724 4304 m·
737 4285 767 4294 -
783 4257 806 4307 l.
823 4256 911 4309 Arch.
927 4256 961 4309 de
973 4252 1205 4319 Saone-ertone,
1222 4258 1335 4312 invent.
1348 4261 1385 4310 de
1401 4259 1506 4324 Cluny,
1524 4257 1546 4317 1,
1562 4254 1630 4309 ’126
1647 4271 1653 4306 :
1670 4255 1805 4321 «Coppie

616 4333 653 4373 en
668 4319 769 4386 papier
782 4320 851 4370 d'un
866 4319 1078 4387 Rtglement...,
1095 4322 1199 4387 Paray,
1215 4334 1284 4372 sans
1302 4323 1463 4388 signature,
1479 4321 1555 4372 cotte'
1568 4317 1661 4383 232²·
1752 4372 1754 4377 ⁴
