3600 5564
529 529 592 596 148
1035 544 1212 604 arrarum*

531 681 563 726 2.
580 664 620 726 ln
634 662 740 727 domo
754 663 798 728 de
812 664 952 742 villata,
980 683 1086 746 quam
1103 672 1197 727 tenet
1210 658 1482 744 archipresbiter
1501 659 1545 723 de
1562 660 1715 724 Ambro-

528 777 596 840 nay
610 768 644 823 et
658 780 726 844 que
738 770 792 825 est
801 762 956 844 subjecta
965 762 1087 826 domui
1097 761 1139 825 de
1148 759 1352 835 Namtuaco,
1362 757 1525 822 suntduo
1536 757 1713 837 monachi;

527 854 658 936 aliquid
674 865 748 919 erat
763 858 1021 940 corrigendum,
1038 858 1132 941 quod
1148 857 1368 941 precepimus
1379 873 1441 937 per
1450 865 1714 937 procuratorem

527 960 562 1014 et
577 953 796 1033 subpriorem
813 955 856 1018 de
871 956 1065 1020 Namtuaco
1088 953 1275 1018 emendari.
1288 954 1372 1016 -3.
1385 952 1426 1016 In
1437 950 1543 1015 domo
1554 950 1596 1015 de
1608 950 1716 1014 Nam-

526 1055 641 1124 tuaco,
662 1068 768 1130 quam
785 1059 880 1114 tenet
894 1053 1000 1115 abbas
1014 1051 1131 1116 Sancti
1150 1051 1283 1128 Secani,
1312 1058 1395 1114 sunt
1410 1069 1506 1114 xvnr.
1535 1046 1713 1116 monachi:

527 1143 654 1208 domus
677 1165 746 1209 non
768 1148 922 1212 multum
945 1148 1068 1226 debet,
1096 1149 1161 1212 nisi
1184 1149 1278 1212 dicto
1297 1148 1415 1212 abbati
1439 1147 1493 1210 vel
1515 1145 1634 1228 priori.
1663 1143 1714 1209 Ibi

527 1240 761 1308 intelleximus
776 1244 882 1325 quod,
916 1245 944 1308 si
959 1245 1074 1308 dictus
1090 1246 1185 1328 prior
1197 1247 1315 1328 sepius
1329 1245 1487 1309 visitaret
1501 1243 1631 1306 dictam
1646 1242 1716 1306 do-

528 1356 628 1403 mum
643 1359 755 1418 suam,
772 1343 897 1406 melius
912 1362 948 1406 se
965 1344 1132 1406 haberent
1148 1344 1289 1426 negocia
1304 1343 1401 1406 intus
1415 1351 1449 1405 et
1464 1350 1569 1405 extra.
1583 1375 1616 1386 -
1629 1353 1663 1416 4.
1675 1338 1724 1419 In

528 1435 634 1500 domo
649 1437 692 1501 de
706 1438 856 1503 Strafort
867 1440 984 1505 nullus
994 1449 1048 1504 est
1061 1441 1255 1505 monachus
1267 1441 1331 1504 nisi
1342 1440 1449 1523 prior,
1462 1439 1544 1520 quia
1556 1434 1716 1520 superior

528 1551 627 1612 sune,
643 1535 772 1600 scilicet
787 1538 882 1619 prior
897 1537 940 1601 de
956 1538 1161 1614 Namtuaco‚
1174 1536 1252 1601 fecit
1263 1538 1328 1601 sibi
1344 1541 1433 1601 hanc
1448 1537 1597 1620 gratiam
1611 1551 1715 1616 prop·

527 1637 582 1693 ter
596 1629 724 1707 debita,
740 1642 781 1696 ut
795 1633 889 1697 dicit.
908 1670 947 1680 -
968 1638 1002 1699 5.
1020 1635 1060 1698 In
1074 1634 1181 1698 domo
1196 1634 1239 1698 de
1254 1634 1420 1716 Gigniaco
1436 1641 1519 1698 sunt
1534 1651 1612 1695 XXV.
1635 1648 1717 1692 mo-

528 1729 653 1806 nachi;
683 1730 780 1812 prior
800 1731 919 1808 debet,
950 1741 990 1795 ut
1012 1732 1111 1809 dicit,
1139 1733 1229 1796 circa
1251 1733 1344 1796 mille
1367 1740 1401 1796 et
1423 1732 1591 1795 ducentas
1612 1730 1716 1792 libras

528 1827 712 1907 Viennen.;
729 1829 890 1893 victualia
905 1831 1011 1894 habet
1023 1848 1135 1911 usque
1148 1829 1192 1892 ad
1209 1848 1316 1892 novos
1328 1827 1516 1892 fructus-
1531 1827 1564 1890 6.
1583 1827 1716 1890 Domus

529 1923 572 1986 de
585 1924 795 1989 Chavariaco
807 1935 861 1989 est
876 1926 911 1988 in
928 1928 1019 1990 bono
1034 1935 1138 1990 statu.
1148 1960 1187 1971 -
1204 1946 1235 2008 7.
1253 1925 1293 1989 In
1309 1924 1415 1988 domo
1429 1923 1546 1987 Sancti
1563 1919 1715 1986 Marcelli

527 2020 765 2085 Cabilonensis
781 2032 864 2086 sunt
880 2043 973 2087 xvnr.
993 2023 1154 2088 monachi
1169 2031 1200 2087 el
1214 2022 1286 2086 duo
1298 2022 1500 2085 scolares.-—
1514 2019 1548 2083 8.
1563 2019 1716 2081 Domum

528 2117 571 2181 de
585 2118 713 2183 Sancto
728 2121 887 2184 Romano
908 2129 1004 2184 tenet
1025 2122 1169 2203 quidam
1184 2124 1340 2201 clericuS,
1356 2121 1461 2186 frater
1474 2119 1607 2185 domini
1621 2116 1715 2181 illius

528 2216 617 2295 ville,
636 2228 671 2281 et
687 2219 799 2300 [saltis
816 2220 902 2282 bene
917 2220 1005 2302 regit
1020 2220 1114 2284 illam
1129 2243 1136 2298 3
1166 2221 1213 2285 ibi
1229 2231 1281 2285 est
1296 2240 1389 2285 unus
1405 2221 1608 2282 monachus.
1624 2254 1665 2267 -
1677 2238 1712 2301 9.

528 2311 647 2395 [Apud
662 2314 865 2397 Vergeium]
881 2325 964 2379 sunt
979 2335 1058 2378 xxv.
1086 2317 1246 2380 monachi
1268 2317 1474 2400 regulariter
1492 2316 1658 2391 viventes,
1680 2321 1715 2376 et

528 2409 625 2490 prior
640 2410 808 2475 benefacit
823 2412 943 2476 domui
959 2420 993 2476 et
1008 2414 1154 2494 ampliat
1169 2414 1338 2479 redditus.
1350 2448 1389 2461 -
1401 2433 1455 2477 ro.
1466 2411 1569 2495 Apud
1585 2410 1715 2475 Floria-

528 2525 610 2570 cum
624 2517 708 2572 sunt
722 2519 874 2591 quatuor
890 2512 1061 2587 monachi,
1075 2520 1110 2574 et
1125 2520 1209 2576 sunt
1223 2514 1259 2575 in
1275 2512 1366 2575 bono
1375 2519 1479 2575 statu.
1490 2546 1529 2555 —
1543 2530 1597 2572 11.
1610 2507 1715 2590 Apud

529 2605 732 2670 Troandum
748 2616 832 2671 sunt
846 2608 917 2671 duo
934 2608 1094 2671 monachi
1110 2607 1238 2672 maturi
1255 2629 1261 2670 :
1280 2607 1397 2671 omnia
1416 2615 1500 2670 sunt
1512 2606 1559 2668 ibi
1572 2606 1608 2668 in
1625 2606 1715 2667 bono

529 2709 634 2765 statu.
655 2737 689 2748 -
709 2722 763 2766 12.
781 2702 885 2785 Apud
903 2705 1060 2767 Montem
1075 2705 1190 2770 Sancti
1202 2704 1370 2768 Johannis
1381 2711 1464 2767 sunt
1476 2712 1546 2766 tres
1555 2699 1714 2764 monachi

530 2801 616 2863 bene
631 2817 667 2862 se
683 2801 869 2878 habentes;
900 2800 996 2882 prior
1010 2800 1132 2879 debet,
1161 2810 1202 2865 ut
1217 2801 1319 2880 dicit,
1349 2801 1438 2864 circa
1452 2808 1594 2863 centum
1609 2797 1715 2860 libras

530 2896 694 2960 Parisien.
711 2905 856 2979 propter
869 2898 1046 2977 quoddam
1063 2917 1187 2963 nemus
1200 2897 1294 2979 quod
1308 2897 1392 2961 emit
1405 2895 1620 2960 etdefeetum
1631 2895 1712 2957 vini.

529 3026 567 3038 —
586 2995 640 3057 13.
658 2992 763 3075 Apud
779 2995 938 3057 Meuram
956 3005 1039 3069 sunt
1054 3004 1206 3077 quatuor
1221 2995 1392 3071 monachi,
1423 3003 1457 3057 et
1471 2993 1537 3074 ipsi
1552 3001 1586 3055 et
1599 3000 1712 3055 cetera

529 3091 662 3154 suntin
679 3093 769 3152 bono
784 3101 889 3154 statu.
918 3126 957 3137 -
981 3106 1035 3169 14.
1052 3093 1157 3175 Apud
1173 3093 1339 3174 Symulay
1354 3101 1388 3155 et
1402 3090 1496 3173 apud
1513 3090 1712 3164 Luziacum,

529 3186 564 3249 in
580 3188 735 3268 quolibet
751 3195 803 3250 est
815 3206 907 3250 unus
923 3191 1127 3253 monachus.
1154 3226 1192 3236 —
1211 3192 1265 3255 15.
1280 3189 1384 3271 Apud
1403 3188 1616 3252 Borbonium
1632 3197 1715 3252 sunt

529 3293 681 3367 quatuor
695 3284 856 3348 monachi
866 3294 900 3348 et
912 3304 1005 3349 unus
1018 3287 1174 3351 scolaris:
1190 3288 1274 3350 bene
1286 3304 1322 3349 se
1333 3286 1462 3349 habent
1473 3305 1480 3361 ;
1493 3285 1588 3366 prior
1598 3284 1713 3361 debet,

529 3389 570 3445 ut
585 3380 680 3455 dicit,
695 3391 821 3460 quater
834 3381 957 3463 viginti
973 3382 1078 3446 libras
1092 3385 1266 3448 Turonen.
1285 3420 1319 3432 -
1348 3381 1403 3445 16.
1421 3381 1525 3462 Apud
1541 3380 1713 3444 Paredum

530 3485 613 3541 sunt
628 3476 750 3559 viginti
766 3478 939 3553 monaehi,
969 3479 1054 3541 bene
1075 3498 1111 3542 se
1133 3482 1319 3556 habentes;
1347 3489 1460 3542 cetera
1474 3486 1558 3541 sunt
1572 3477 1607 3540 in
1624 3478 1715 3540 bono

530 3584 635 3637 statu.
662 3610 700 3620 —
732 3596 786 3658 17.
818 3575 922 3656 Apud
949 3576 1196 3640 Marciniacum
1216 3584 1300 3640 sunt
1318 3595 1373 3638 xv.
1394 3575 1566 3650 monachi,
1598 3585 1716 3656 preter

530 3673 716 3750 moniales;
731 3673 827 3755 prior
841 3673 942 3736 debet
958 3674 1039 3736 1111ο
1053 3672 1157 3737 libras
1173 3672 1448 3737 Toronen-18.
1465 3671 1569 3752 Apud
1585 3671 1714 3734 Carum

533 3771 664 3834 Locum
679 3779 762 3833 sunt
776 3789 882 3832 xxnn.
902 3771 1060 3833 monachi
1077 3779 1110 3833 et
1124 3790 1216 3835 unus
1231 3788 1435 3834 conversus:
1452 3784 1641 3832 conversus
1659 3766 1716 3829 ille

531 3877 584 3929 est
595 3864 794 3929 diffamatus
809 3867 851 3930 de
865 3866 1127 3947 incontinencia‚
1145 3876 1179 3932 et
1192 3877 1328 3950 portam
1341 3867 1516 3949 prioratus
1530 3862 1717 3928 custodivit

533 3963 622 4025 male
638 3975 672 4026 et
685 3964 869 4026 inhoneste
886 3984 893 4040 ;
916 3964 1012 4045 prior
1033 3963 1136 4028 debet
1159 3971 1338 4027 sexcentas
1353 3962 1458 4025 libras
1472 3961 1660 4035 Toronen,
1677 3966 1717 4022 ut

533 4063 627 4138 dicit,
641 4071 758 4144 preter
770 4061 940 4143 quasdam
955 4061 1118 4126 emendas
1133 4061 1234 4145 regis.
1252 4098 1290 4108 -
1309 4083 1363 4146 19.
1380 4059 1485 4143 Apud
1502 4058 1631 4122 Villam
1646 4058 1718 4124 No-

534 4178 614 4223 vam
629 4168 713 4223 sunt
727 4158 799 4222 duo
814 4158 986 4235 monachi,
1009 4170 1043 4222 et
1057 4168 1140 4223 sunt
1161 4159 1197 4222 in
1221 4159 1313 4221 bono
1332 4167 1437 4222 statu.
1462 4192 1503 4207 -
1530 4176 1585 4220 20.
1611 4156 1715 4238 Apud

535 4259 742 4323 Ambertam
755 4264 839 4321 sunt
853 4274 938 4319 xvns
956 4254 1116 4322 monachi
1131 4255 1167 4320 in
1182 4256 1281 4322 bono
1291 4262 1399 4321 statu.
1416 4290 1455 4302 -
1471 4274 1528 4318 21.
1553 4254 1593 4319 ln
1612 4252 1718 4319 domo
