3862 5610
548 805 620 871 190
1061 824 1233 871 nessnnix

548 936 765 1013 dormitorio,
791 932 833 1000 de
848 937 1039 1002 infirmaria
1061 949 1096 1002 et
1109 938 1152 1002 de
1176 934 1281 1000 domo
1296 934 1479 1016 hospitum
1495 935 1733 1016 multipliciter

555 1045 834 1115 conqueruntur,
864 1035 957 1117 quod
981 1036 1183 1098 necessitate
1203 1032 1375 1115 compulsi
1396 1041 1534 1116 oportet
1548 1033 1642 1115 quod
1657 1053 1737 1097 cum

555 1130 648 1194 sanis
662 1132 847 1195 comedant
862 1141 895 1193 et
910 1131 1056 1213 jaceant,
1086 1151 1147 1196 nec
1169 1130 1414 1195 ministrantur
1427 1129 1477 1194 eis
1492 1131 1683 1195 necessaria
1699 1141 1737 1196 ut

553 1224 700 1291 deceret.
732 1227 878 1308 Propter
905 1227 1097 1292 absentiam
1121 1227 1369 1312 procuratoris
1398 1226 1441 1290 de
1462 1226 1644 1310 temporali
1668 1246 1737 1291 non

552 1321 736 1404 potuimus
757 1323 843 1387 scire
868 1322 1069 1401 veritatem3
1099 1325 1317 1409 hospitalitas
1342 1344 1410 1389 non
1438 1326 1524 1388 bene
1550 1323 1590 1389 lit
1607 1324 1736 1389 ibidem

551 1437 616 1500 pro
631 1428 672 1482 ut
687 1421 857 1483 hactenus
871 1421 983 1484 extitit
997 1432 1216 1487 consuetum.

588 1516 607 1597 ς
626 1531 662 1593 4.
687 1517 793 1598 Apud
820 1518 1035 1582 Borbonium
1058 1518 1192 1583 fuimus
1213 1520 1359 1584 sabbato
1372 1528 1453 1583 ante
1467 1518 1734 1585 Reminiscerev:

548 1610 747 1676 invenimus
761 1621 832 1676 tres
848 1616 1038 1678 monachos
1052 1634 1132 1679 cum
1149 1614 1265 1698 priore
1279 1628 1313 1682 et
1328 1616 1457 1682 debent
1473 1634 1548 1680 esse
1570 1625 1733 1698 quatuor,

548 1709 607 1772 sed
626 1728 717 1773 unus
735 1712 799 1773 hoc
814 1729 906 1775 anno
921 1711 1024 1788 obiit,
1040 1712 1168 1776 domus
1182 1732 1247 1796 pro
1259 1724 1358 1797 parte
1370 1714 1503 1797 indiget
1513 1713 1735 1798 reparacione

545 1814 580 1868 et
603 1815 834 1887 coopertura:
865 1807 963 1889 prior
986 1809 1148 1891 promisit
1171 1810 1260 1875 infra
1284 1815 1387 1877 breve
1405 1821 1547 1894 tempus
1561 1830 1730 1894 reparare.

547 1899 682 1964 Domus
705 1901 809 1963 debet
832 1902 869 1966 C.
897 1902 1004 1966 libras
1026 1913 1165 1970 monete
1188 1908 1381 1984 currentis;
1411 1908 1516 1972 habet
1541 1908 1731 1972 necessaria

547 1995 717 2080 usquead
733 1996 869 2062 fructus
885 2018 1002 2064 novos.

585 2095 603 2177 ξ
623 2097 658 2159 5.
688 2094 793 2176 Apud
818 2096 1006 2162 Lusiacum
1024 2096 1156 2163 fuimus
1171 2099 1345 2166 dominica
1359 2120 1430 2183 qua
1443 2110 1603 2166 cantatur
1616 2102 1732 2164 Rerni-

544 2195 714 2258 viscerea:
742 2193 940 2262 invenimus
966 2207 1037 2262 tres
1067 2199 1257 2263 monachos
1289 2215 1378 2265 cum
1398 2197 1514 2281 priore
1535 2218 1542 2273 ;
1572 2195 1729 2259 divinum

544 2288 719 2365 officium,
744 2290 1018 2375 hospit(al)i<ta)s
1033 2303 1067 2358 et
1082 2294 1269 2360 elemosina
1292 2313 1389 2359 more
1403 2292 1506 2358 solito
1532 2295 1617 2357 bene
1639 2290 1730 2355 fiunt

543 2385 683 2451 ibidem.
705 2386 839 2452 Domus
859 2387 963 2453 debet
978 2410 1009 2453 n.
1027 2391 1133 2456 libras
1150 2394 1203 2458 vel
1217 2392 1307 2457 circa
1331 2400 1468 2457 monete
1482 2389 1676 2466 currentis,
1696 2398 1730 2453 et

542 2492 626 2547 sunt
640 2494 674 2547 c·
687 2482 723 2546 in
742 2484 835 2549 bono
849 2493 953 2550 statu.

581 2579 600 2660 S
620 2579 654 2644 6.
681 2580 786 2662 Apud
810 2582 1060 2664 Mangobrium
1080 2583 1213 2650 fuimus
1233 2584 1289 2649 die
1309 2584 1392 2649 lune
1411 2583 1615 2668 sequentil:
1645 2593 1730 2648 sunt

544 2672 672 2741 ibidem
690 2696 734 2740 vr.
753 2678 1008 2744 monachicum
1025 2681 1161 2763 priore;
1193 2681 1289 2764 prior
1310 2701 1379 2745 non
1400 2680 1467 2745 tuit
1481 2699 1635 2766 presens,
1667 2681 1728 2745 sed

545 2774 703 2838 monachi
720 2775 821 2838 nobis
834 2776 1032 2839 retulerunt
1047 2776 1140 2859 quod
1156 2777 1315 2841 divinum
1326 2777 1494 2854 officium,
1510 2777 1728 2859 hospitalitas

543 2878 577 2935 et
591 2868 779 2934 elemosina
794 2871 880 2936 bene
896 2870 986 2936 liunt
1001 2872 1141 2939 ibidem.
1170 2873 1304 2939 Domus
1327 2872 1433 2938 nichil
1454 2873 1558 2938 debet
1573 2882 1610 2936 et
1625 2873 1728 2936 habet

545 2967 736 3031 necessaria
751 2984 863 3051 usque
878 2967 920 3032 ad
936 2967 1072 3033 fructus
1087 2988 1215 3036 novos:
1233 2983 1265 3036 c·
1279 2972 1411 3036 suntin
1426 2972 1517 3034 bono
1530 2979 1635 3037 statu.

580 3065 599 3145 5
621 3085 653 3147 7.
667 3062 730 3127 Die
742 3063 864 3127 martis
874 3064 1050 3145 sequentia
1069 3065 1201 3132 luimus
1210 3067 1304 3151 apud
1313 3068 1471 3133 Montem
1479 3065 1729 3132 SanctiJohan·

544 3161 598 3224 nis
613 3183 620 3223 :
637 3160 685 3223 ibi
700 3169 783 3224 sunt
798 3169 868 3223 tres
884 3162 1044 3226 monachi
1059 3182 1139 3227 cum
1153 3164 1281 3249 priore,
1297 3181 1450 3246 quorum
1464 3181 1559 3228 unus
1570 3171 1728 3242 tempore

543 3257 754 3322 visitationis
768 3266 842 3321 erat
856 3261 992 3335 absens,
1024 3278 1087 3341 pro
1107 3261 1204 3325 dom·
1222 3260 1338 3344 priore
1357 3260 1400 3324 de
1420 3259 1568 3324 Abbatis
1582 3258 1673 3322 Villa
1692 3257 1728 3320 in

543 3373 648 3438 opere
656 3356 869 3435 neccessario
877 3366 1079 3438 occupatus.
1090 3357 1295 3440 Requisitus
1304 3356 1402 3440 prior
1410 3353 1560 3439 qualiter
1568 3353 1727 3417 divinum

544 3450 697 3516 officium
712 3451 759 3514 ibi
778 3450 893 3529 fiebat,
922 3451 1103 3534 respondit
1124 3453 1221 3537 prior
1241 3451 1337 3536 quod
1356 3451 1444 3515 male
1459 3451 1513 3515 die
1529 3458 1725 3531 noctuque;

540 3547 909 3631 econtoriorespondit
924 3548 1018 3613 dom·
1033 3549 1314 3615 Robertusdom⁰
1320 3549 1339 3612 J
1341 3548 1449 3612 acobo
1457 3548 1549 3612 socio
1559 3546 1726 3629 suoquod

539 3652 639 3709 erant
656 3644 730 3708 sine
745 3646 848 3728 culpa
862 3654 897 3708 et
912 3665 954 3711 ex
964 3646 1055 3729 justa
1064 3666 1180 3725 causa,
1196 3645 1277 3729 quia
1291 3656 1424 3709 nonest
1437 3645 1484 3708 ibi
1496 3644 1640 3709 sacrista
1653 3652 1727 3707 sta-

538 3741 616 3804 bilis
629 3741 690 3824 qui
703 3741 799 3805 horis
813 3741 942 3806 debitis
957 3744 1060 3807 horas
1072 3743 1200 3826 pulset,
1215 3740 1404 3826 aliquando
1414 3739 1648 3818 medianocte,
1658 3739 1728 3802 ali-

541 3837 685 3920 quando
699 3836 848 3903 declara
862 3838 950 3912 luce,
967 3849 1001 3903 et
1016 3841 1064 3904 sic
1078 3839 1280 3922 frequenter
1289 3848 1476 3905 cantantur
1489 3838 1724 3922 negligenter;

540 3932 702 4016 requisiti
717 3934 866 4021 qualiter
879 3947 1083 4001 ornamenta
1098 3938 1238 4002 ecclesie
1248 3940 1528 4015 reservabantur,
1538 3935 1727 4019 responde-

539 4038 625 4092 runt
635 4030 731 4111 quod
747 4031 964 4114 negligenter
977 4041 1012 4096 et
1026 4032 1190 4100 dixerunt
1203 4022 1297 4119 quod
1310 4036 1400 4102 male
1409 4035 1651 4113 etinboneste;
1665 4051 1726 4097 re-

539 4126 664 4209 quisiti
677 4128 838 4193 monachi
846 4130 881 4193 in
890 4130 1063 4213 presentia
1072 4131 1306 4217 prioriscujus
1318 4134 1433 4217 culpa,
1449 4132 1614 4197 dixerunt
1629 4130 1723 4213 quod

542 4221 691 4305 prioris;
719 4222 882 4289 delitiunt
903 4226 950 4289 ibi
966 4227 1041 4290 albe
1055 4237 1089 4291 et
1103 4229 1259 4313 cingula3
1275 4229 1440 4297 dixerunt
1454 4229 1615 4294 monachi
1630 4228 1723 4312 quod

540 4328 625 4407 sunt
636 4319 683 4385 ibi
691 4319 762 4384 duo
771 4321 905 4401 calices,
913 4340 1065 4406 quorum
1077 4343 1170 4389 unus
1180 4336 1233 4391 est
1240 4324 1379 4406 fractus,
1392 4327 1725 4394 alteriuhonestissi-

564 4542 591 4600 s.
606 4546 623 4598 8
638 4563 719 4600 mars.
735 4570 759 4583 ·-
773 4549 799 4602 6.
815 4565 832 4620 9
849 4565 931 4602 mars.
947 4578 977 4589 ·-
990 4551 1015 4602 7.
1035 4565 1069 4603 ιο
1086 4566 1168 4604 mars.
1183 4579 1213 4590 -
1226 4549 1254 4605 8.
1272 4568 1305 4605 11
1323 4569 1406 4607 mars.
