3600 5564
535 666 597 742 164
1044 649 1216 747 terarum

574 800 607 866 6.
637 799 699 864 Die
717 797 798 863 lune
822 806 903 881 post
923 799 1155 863 Reminiseeret
1175 797 1306 867 fuimus
1319 798 1414 881 apud
1430 799 1588 864 Montem
1603 798 1719 865 Sancti

532 896 551 960 J
553 895 720 968 ohannis:
738 904 809 961 tres
824 905 907 963 suut
922 897 968 960 ibi
984 895 1242 960 monachicum
1256 895 1390 978 priore;
1405 893 1522 959 divina
1536 896 1720 960 celebran-

534 993 649 1056 turin
671 993 745 1055 loco
769 993 963 1057 secundum
986 992 1251 1076 congruentiam
1272 991 1338 1056 loci
1360 992 1447 1056 bene
1467 1002 1502 1056 et
1515 991 1649 1069 devote,
1678 1000 1720 1057 ut

533 1088 672 1165 dicitur,
700 1089 763 1152 nisi
789 1089 883 1171 quod
901 1109 971 1153 non
985 1092 1173 1154 cantabant
1186 1109 1266 1155 curu
1282 1099 1364 1155 nota
1379 1099 1512 1155 sextam
1528 1098 1562 1155 et
1578 1109 1717 1168 nonam,

534 1205 595 1250 nec
618 1187 724 1249 etiam
743 1186 779 1248 in
801 1185 967 1268 predictis
989 1186 1084 1250 horis
1106 1188 1330 1270 pulsabatur:
1360 1187 1581 1270 precepimus
1601 1197 1718 1252 autem

531 1281 640 1364 priori
655 1291 688 1344 et
700 1280 801 1344 sociis
814 1282 887 1346 suis
902 1282 995 1363 quod
1010 1282 1168 1347 decetero
1184 1287 1287 1348 horas
1302 1302 1424 1348 omnes
1438 1303 1518 1348 cum
1534 1294 1616 1348 nota
1627 1283 1720 1348 dice-

533 1386 611 1442 rent
629 1387 664 1441 et
684 1378 778 1459 quod
800 1379 1000 1460 pulsaretur
1025 1378 1061 1441 in
1083 1378 1248 1461 predictis
1271 1369 1379 1453 horis,
1402 1398 1466 1461 pro
1488 1387 1528 1442 ut
1542 1387 1595 1462 est
1610 1377 1719 1443 moris

456 1556 457 1560 Ἰ
532 1475 568 1539 in
595 1475 716 1539 ordine
744 1484 864 1538 nostro
885 1485 920 1538 et
941 1477 1091 1540 maxime
1115 1476 1197 1558 quia
1224 1475 1400 1557 prioratus
1422 1475 1509 1539 situs
1537 1484 1590 1539 est
1621 1470 1719 1556 juxta

532 1582 707 1648 castrum3
737 1572 956 1654 hospitalitas
975 1580 1009 1635 et
1029 1572 1215 1636 elemosina
1227 1571 1318 1636 fiunt
1336 1571 1492 1648 ibibene‚
1517 1580 1558 1636 ut
1577 1572 1716 1650 dicitur,

531 1667 726 1733 seeundum
740 1667 805 1731 loci
818 1666 1167 1734 facultatem.D0mus
1179 1669 1293 1746 debet,
1306 1669 1500 1734 secundum
1513 1669 1716 1734 relationem

530 1765 669 1847 prioris,
685 1764 769 1828 VJ¹¹
783 1762 888 1827 libras
903 1766 1032 1828 Turon.
1044 1765 1119 1831 sine
1128 1768 1257 1844 usuris,
1274 1776 1308 1831 et
1319 1768 1424 1830 habet
1434 1767 1596 1831 victualia
1607 1786 1719 1849 usque

528 1862 573 1927 ad
589 1879 697 1925 novos
712 1860 857 1925 fructus.

571 1981 603 2043 7.
621 1957 683 2022 Die
699 1955 836 2020 martis⁸
855 1956 987 2020 fuimus
1001 1958 1095 2041 apud
1112 1959 1320 2038 Floriacum,
1340 1961 1400 2023 ubi
1415 1969 1498 2024 sunt
1512 1959 1583 2024 duo
1599 1979 1720 2024 mona-

530 2055 586 2121 chi
601 2054 813 2133 residentes;
830 2053 989 2117 divinum
1004 2053 1157 2120 officium
1172 2054 1274 2119 litibi
1289 2063 1324 2121 et
1339 2056 1424 2120 satis
1439 2057 1592 2120 tenuiter
1606 2078 1613 2134 ;
1631 2058 1720 2120 hos-

530 2152 684 2235 pitalitas
706 2168 776 2214 non
796 2151 977 2214 consuevit
998 2151 1128 2215 ibidem
1152 2151 1225 2216 fieri
1248 2172 1310 2216 nec
1334 2153 1532 2231 elemosina,
1562 2163 1603 2218 ut
1617 2154 1718 2217 nobis

530 2249 695 2314 dixerunt
721 2248 883 2311 monachi
910 2248 971 2328 qui
996 2248 1200 2313 habitabant
1225 2248 1285 2317 ibi.
1308 2250 1391 2331 quia
1415 2250 1543 2315 domus
1567 2250 1719 2333 pertinet

529 2347 573 2412 ad
596 2346 793 2429 prioratum
819 2344 935 2409 Sancti
961 2346 1112 2409 Marcelli
1137 2365 1246 2429 prope
1270 2347 1492 2424 Cabilonem3
1519 2346 1718 2411 invenimus

530 2444 625 2527 quod
642 2462 711 2506 non
726 2442 913 2524 portabant
929 2440 1040 2505 frocos
1055 2442 1090 2504 in
1107 2443 1317 2506 monasterio
1329 2443 1371 2507 ad
1384 2443 1601 2522 horaS,unde
1611 2462 1719 2525 super

531 2541 597 2604 hoc
608 2559 667 2604 eos
676 2538 920 2622 increpavinus
931 2548 966 2602 et
975 2539 1213 2620 promiserunt
1224 2541 1317 2623 quod
1329 2541 1486 2606 decetero
1505 2542 1718 2624 corrigerent

530 2639 596 2703 hoc
609 2637 708 2701 valde
724 2639 821 2701 bene.

569 2735 602 2800 8.
624 2736 685 2799 Die
701 2734 861 2799 mercurii
883 2742 918 2798 et
936 2734 1024 2816 jovis
1043 2736 1219 2816 sequentia
1236 2736 1368 2802 fuimus
1387 2738 1480 2821 apud
1494 2737 1717 2820 Vergiacum,

531 2831 591 2897 ubi
606 2840 690 2895 sunt
704 2850 774 2894 xxx
790 2829 950 2894 monachi
966 2841 1242 2912 commorantes:
1269 2833 1427 2898 divinum
1450 2832 1602 2897 officium
1625 2833 1720 2896 eele-

532 2931 654 2992 bratur
667 2927 714 2990 ibi
729 2926 843 3007 lauda(
849 2927 975 3008 bi)liter
989 2936 1024 2990 et
1038 2927 1173 3005 devote,
1190 2938 1224 2994 et
1235 2938 1421 2995 cantantur
1431 2931 1466 2993 in
1479 2931 1554 2994 loco
1564 2929 1623 2991 illo
1633 2947 1719 3010 qua·

433 3102 437 3109 ¹
530 3026 615 3090 libet
629 3024 685 3089 die
700 3033 771 3088 tres
784 3025 889 3089 misse
903 3025 939 3088 in
954 3034 1127 3089 conventu
1142 3046 1223 3091 cum
1244 3037 1327 3092 nota
1344 3048 1352 3105 ;
1369 3029 1455 3092 bene
1474 3047 1511 3091 se
1531 3027 1661 3090 habent
1683 3024 1719 3097 in

531 3121 779 3205 r[egulari]bus
794 3121 1033 3198 observantiis,
1048 3121 1236 3200 utdicitur,
1249 3133 1393 3209 excepto
1405 3122 1611 3187 dormitorio
1623 3119 1718 3204 quod

531 3219 728 3282 invenimus
750 3218 880 3303 partim
902 3218 1159 3296 inordinatum,
1183 3228 1325 3302 utpote
1347 3220 1421 3284 sine
1444 3219 1551 3283 laneis
1577 3227 1611 3283 et
1636 3234 1718 3283 eum

530 3315 680 3398 pellibus
695 3314 857 3377 silvaticis
872 3322 906 3377 et
922 3315 1047 3395 pannis
1060 3315 1178 3379 rubeis
1200 3334 1261 3380 seu
1285 3316 1466 3380 eoloratis:
1497 3315 1719 3399 precepimus

530 3422 648 3476 autem
669 3412 799 3476 decano
820 3429 881 3475 seu
903 3411 1011 3493 priori
1025 3411 1090 3476 ista
1104 3412 1231 3495 corrigi
1250 3431 1289 3476 ac
1310 3413 1413 3487 etiam
1433 3411 1628 3492 emendari,
1657 3410 1718 3493 qui

532 3508 693 3592 promisit
707 3509 775 3572 ista
788 3509 960 3592 corrigere
975 3517 1008 3572 et
1023 3509 1128 3572 etiam
1143 3509 1338 3573 emendare.
1355 3510 1489 3574 Domus
1503 3516 1555 3572 est
1568 3507 1720 3590 obligata

532 3604 567 3668 in
579 3606 626 3669 M.
648 3605 745 3667 libris
757 3603 808 3667 vel
819 3604 923 3668 circa:
937 3605 1161 3686 predecessor
1170 3604 1263 3667 enim
1274 3623 1360 3669 suus
1371 3604 1516 3668 tradidit
1528 3604 1558 3668 ei
1571 3603 1719 3671 domum

532 3701 720 3785 obligatam
734 3700 771 3762 in
783 3700 835 3763 VJ
838 3713 849 3743 ⁰
871 3700 986 3763 libris:
1003 3691 1121 3763 'tamen
1137 3701 1223 3763 bene
1238 3699 1369 3763 invenit
1382 3708 1504 3782 postea
1518 3700 1583 3763 CC.
1600 3698 1717 3776 librae,

533 3809 574 3864 ut
597 3799 700 3876 dicit3
731 3797 825 3860 dom·
846 3798 918 3861 dux
941 3798 1143 3880 Burgundie
1167 3799 1283 3882 querit
1298 3802 1341 3863 ab
1356 3819 1396 3863 eo
1410 3818 1475 3882 pro
1491 3798 1720 3865 subventione

534 3897 571 3961 C.
599 3896 707 3971 libris,
740 3914 804 3976 pro
825 3894 955 3977 duplici
980 3894 1114 3958 decima
1138 3904 1308 3977 petuntur
1330 3898 1373 3958 ab
1407 3914 1447 3959 eo
1471 3894 1587 3959 VII-1¹¹
1620 3895 1717 3963 libre.

534 3995 649 4058 Habet
663 4003 781 4056 tamen
797 3991 957 4056 victualia
971 4010 1084 4074 usque
1098 3991 1141 4055 ad
1158 3991 1337 4055 fructuum
1353 3992 1553 4056 novitatem.

573 4113 607 4174 9.
630 4086 736 4171 Apud
757 4086 937 4150 Duismam
958 4106 1027 4149 non
1047 4087 1177 4151 fuimus
1200 4089 1502 4166 necvisitavimuS‚
1527 4089 1610 4170 quia
1624 4089 1721 4172 prior

535 4185 658 4251 eratin
673 4182 817 4248 Francia
832 4202 911 4247 cum
928 4183 1042 4267 priore
1055 4183 1099 4247 de
1111 4184 1238 4248 Sancta
1252 4186 1442 4268 Margarita
1455 4186 1492 4248 in
1507 4185 1718 4251 Helincuria.

580 4303 635 4367 ro.
659 4280 720 4344 Die
742 4279 935 4364 sequentiw
956 4278 1087 4346 fuimus
1109 4282 1203 4364 apud
1224 4283 1366 4346 Belnam
1390 4291 1424 4346 et
1436 4283 1654 4349 visitavimus
1672 4284 1720 4363 ibi

567 4427 595 4481 7.
612 4427 631 4479 3
645 4441 727 4480 marr.
742 4453 773 4466 -
786 4426 814 4480 8.
824 4429 845 4479 4
854 4442 936 4481 marr.
951 4455 982 4468 -
994 4429 1021 4482 9.
1037 4426 1087 4498 5-6
1099 4444 1182 4482 mars.
1196 4457 1227 4468 -
1241 4429 1286 4483 10.
1304 4428 1322 4483 6
1337 4443 1420 4483 mart.
