3862 5610
383 839 446 906 154
886 859 1057 906 apponunt

418 972 435 1054 5
451 972 506 1035 13.
522 969 760 1052 ApudVillam
776 971 911 1035 Novam
924 983 1007 1038 sunt
1017 972 1088 1037 duo
1101 971 1262 1037 monachi
1279 972 1474 1037 sacerdotes
1487 991 1568 1036 cum

382 1067 513 1150 priore;
530 1068 683 1132 officium
703 1067 862 1132 divinum
877 1079 1115 1153 competenter
1131 1070 1325 1134 celebratur
1342 1070 1482 1134 ibidem.
1504 1069 1567 1133 Do

381 1185 461 1230 mus
477 1166 582 1230 nichil
597 1166 710 1231 debet.

416 1263 506 1345 514.
524 1262 628 1344 Apud
647 1265 851 1328 Ambertam
878 1274 961 1330 sunt
989 1265 1107 1330 decem
1137 1272 1172 1328 et
1199 1273 1277 1328 octo
1307 1263 1565 1328 monachicum

378 1358 505 1441 priore,
521 1379 645 1424 novem
659 1371 742 1425 sunt
754 1363 968 1440 sacerdotes;
990 1363 1086 1444 prior
1098 1362 1193 1445 gravi
1209 1361 1412 1425 infirmitate
1424 1378 1567 1442 percus-

378 1475 439 1522 sus
455 1467 517 1521 est.
543 1459 743 1524 Conventus
766 1480 836 1523 non
860 1462 964 1524 habet
992 1478 1117 1542 panem
1135 1459 1378 1534 sufficientem,
1396 1457 1478 1539 quia
1499 1456 1567 1520 due

378 1561 493 1634 partes
504 1563 587 1617 sunt
597 1553 754 1637 siliginis,
768 1574 829 1620 nec
843 1557 972 1619 habent
985 1557 1186 1621 vestiarium
1198 1556 1389 1632 suffitiens3
1412 1563 1446 1619 et
1462 1572 1567 1637 prop-

378 1655 432 1711 ter
446 1647 531 1712 istos
546 1648 699 1714 defectus
714 1659 748 1713 et
758 1651 843 1714 alios
856 1651 1009 1717 officium
1022 1654 1180 1718 divinum
1195 1654 1312 1717 minus
1327 1651 1567 1733 sollempniter

377 1743 506 1807 ibidem
522 1745 728 1824 celebratur,
745 1756 778 1810 ct
794 1747 888 1831 rigor
900 1749 1032 1814 ordinis
1044 1750 1080 1813 in
1095 1750 1210 1832 aliqua
1227 1759 1326 1830 parte
1340 1748 1544 1812 dissolvitur
1557 1768 1563 1823 ;

376 1841 538 1904 monachi
562 1842 674 1924 jacent
699 1843 735 1905 in
762 1843 1033 1910 linteaminibus.
1063 1847 1197 1911 Domus
1223 1846 1325 1910 debet
1352 1846 1432 1910 lxxx
1460 1844 1565 1906 libras

375 1938 561 2016 Viennen,
577 1941 660 2003 item
676 1942 713 2007 C.
729 1951 763 2006 et
777 1962 823 2005 111.
840 1943 945 2007 libras
967 1943 1142 2007 Turonen.
1159 1942 1194 2005 in
1210 1942 1339 2023 quibus
1352 1940 1448 2023 prior
1463 1949 1565 2002 tene-

375 2037 480 2099 batur
494 2037 633 2102 cuidam
659 2038 834 2116 servienti,
860 2039 954 2104 dicto
968 2040 1124 2117 Oriralit,
1135 2039 1311 2116 defuncto,
1329 2039 1390 2122 qui
1405 2037 1441 2100 in
1456 2045 1563 2099 testa-

375 2140 495 2195 mento
510 2152 575 2197 suo
590 2133 715 2216 legavit
729 2133 822 2198 dicto
846 2141 1030 2204 conventui
1057 2140 1101 2204 de
1116 2141 1283 2204 Amberta
1295 2139 1405 2203 dictas
1420 2144 1560 2200 centum

374 2227 481 2293 libras
495 2238 530 2293 et
545 2250 590 2292 nx
612 2230 674 2294 sol.
700 2232 875 2296 Turonen.
905 2234 948 2298 ad
977 2236 1300 2319 augmentationem
1313 2233 1464 2299 vestiarii
1480 2250 1562 2295 con-

373 2334 508 2389 ventus.
528 2326 678 2390 Ecclesia
694 2329 879 2393 tenebatur
893 2330 1075 2395 inhoneste
1093 2353 1100 2395 :
1118 2332 1325 2414 precepinus
1340 2329 1433 2412 quod
1449 2346 1562 2392 emen-

371 2420 525 2487 daretur.

409 2521 499 2601 515.
517 2523 623 2603 Apud
639 2523 817 2588 Pometios
833 2534 916 2590 sunt
932 2544 1056 2591 novem
1080 2526 1337 2591 monachicum
1354 2527 1483 2609 priore;
1502 2524 1558 2587 of-
1639 2567 1644 2577 -

372 2614 490 2680 ficium
505 2618 665 2683 divinum
680 2620 808 2684 ibidem
824 2623 1018 2688 celebratur
1033 2626 1196 2699 honeste3
1213 2624 1428 2688 correximus
1442 2623 1558 2703 aliqua

371 2730 439 2793 que
451 2713 581 2778 ibidem
597 2717 802 2799 corrigenda
824 2720 1053 2801 repperimus.
1070 2722 1203 2785 Domus
1227 2721 1329 2785 debet
1353 2729 1494 2786 centum
1510 2719 1557 2781 li-

370 2809 450 2873 bras
466 2810 656 2874 Viennent

407 2906 424 2986 ἓ
441 2906 496 2970 16.
510 2909 616 2989 Apud
632 2909 767 2975 Saltum
794 2912 837 2977 de
859 2914 971 2978 Cosan
993 2925 1076 2980 sunt
1097 2916 1169 2980 duo
1184 2915 1345 2980 monachi
1360 2912 1556 2978 sacerdotes

369 3019 450 3063 cum
466 3003 598 3084 priore;
616 3005 769 3071 officium
784 3008 942 3075 divinum
957 3012 1088 3077 ibidem
1099 3012 1295 3077 celebratur
1307 3014 1453 3076 honeste
1468 3010 1557 3073 sicut

368 3100 560 3163 consuevit.
578 3102 712 3167 Domus
729 3103 835 3169 nichil
851 3107 965 3186 debet,
983 3109 1072 3174 sicut
1090 3110 1186 3192 prior
1199 3110 1294 3174 dicit.

405 3196 423 3276 ἓ
440 3216 495 3279 17.
513 3199 618 3280 Apud
634 3200 810 3266 Poliacum
831 3204 867 3267 in
892 3206 1043 3270 Forisio⁵
1069 3215 1153 3271 sunt
1176 3206 1247 3271 duo
1262 3204 1422 3269 monachi
1438 3220 1556 3267 sacer—

366 3292 483 3372 dotes;
501 3296 653 3361 decanus
667 3299 798 3365 Montis
814 3303 968 3369 Brisonis
983 3313 1078 3369 tenet
1098 3305 1255 3369 domum.
1285 3305 1461 3368 Decanum
1477 3324 1556 3387 pre·

366 3388 500 3454 dictum
515 3391 645 3457 ibidem
659 3414 727 3459 non
743 3397 960 3479 invenimus3
983 3402 1144 3466 monachi
1166 3402 1295 3466 ibidem
1309 3408 1554 3465 conversantes

366 3504 437 3549 non
454 3486 586 3553 faciunt
613 3492 766 3558 officium
791 3496 951 3562 divinum
977 3499 1067 3563 sicut
1092 3499 1202 3577 decet,
1224 3507 1368 3581 propter
1381 3497 1554 3561 defectum

288 3612 296 3634 ο
366 3585 521 3662 rectoris,
536 3595 571 3649 et
585 3587 787 3655 discurrunt
804 3593 908 3656 nimis
933 3597 1001 3660 huc
1023 3605 1128 3678 atque
1142 3596 1234 3660 illuc.
1252 3594 1475 3659 Correximus
1490 3594 1555 3657 alia

366 3701 435 3764 que
453 3683 596 3749 fuerunt
610 3688 826 3771 corrigenda,

404 3781 422 3862 ἓ
436 3780 491 3844 18.
515 3783 621 3863 Apud
637 3785 781 3850 Talucrs
797 3796 880 3852 sunt
895 3797 967 3853 tres
981 3789 1143 3853 monachi
1158 3808 1238 3853 cum
1254 3789 1381 3873 priore,
1397 3788 1552 3866 sacrista,

366 3877 525 3941 sacerdos
541 3887 575 3941 et
590 3879 661 3943 duo
676 3880 818 3963 juvenes
836 3906 842 3946 :
861 3904 954 3949 unus
980 3894 1060 3969 post
1077 3886 1309 3950 visitationem
1325 3886 1451 3951 iactam
1465 3905 1554 3968 pro-

366 3983 485 4038 motus
500 3984 552 4039 est
568 3975 603 4040 in
619 3979 845 4044 sacerdotem.
864 3982 997 4049 Domus
1012 3984 1115 4049 debet
1125 3994 1277 4067 quatuor
1290 3994 1432 4049 centum
1447 3984 1553 4049 libras

366 4073 541 4139 Turonen.

402 4171 420 4250 ἓ
436 4191 491 4255 19.
509 4173 615 4254 Apud
639 4175 876 4240 Chandiacum
894 4187 977 4242 sunt
999 4179 1070 4243 duo
1084 4180 1245 4244 monachi
1260 4179 1456 4244 sacerdotes
1471 4198 1552 4243 cum

364 4265 498 4347 priore;
514 4271 706 4352 campanile
720 4282 773 4338 est
783 4273 1029 4340 reedificatum.
1044 4276 1178 4342 Domus
1194 4275 1300 4339 nichil
1315 4274 1426 4339 debet.

402 4365 491 4445 5²⁰·
521 4369 624 4448 Apud
647 4370 804 4436 Montem
830 4372 965 4437 Beltodi
986 4379 1070 4436 sunt
1096 4371 1167 4436 duo
1192 4370 1352 4434 monachi
1370 4394 1376 4434 :
1396 4371 1493 4453 prior
1508 4371 1550 4435 de

394 4576 419 4628 t.
435 4578 560 4630 D'abord
571 4581 681 4634 Turon.
692 4585 757 4635 -5,
773 4586 898 4639 D'abord
912 4588 945 4641 P.
963 4604 1000 4641 en
1016 4590 1125 4642 Foreis.
