3862 5610
628 700 688 764 134
1133 716 1305 764 aerenum

625 835 720 900 brevi
735 853 841 917 super
855 831 991 898 defectu
1003 832 1072 896 isto
1087 831 1189 895 dictis
1203 830 1382 910 fratribus,
1395 841 1431 897 et
1446 834 1541 916 quod
1556 835 1591 898 in
1607 835 1828 902 dormitorio

625 933 824 1018 provideret
838 932 964 997 cilicias
977 931 1013 994 in
1029 930 1134 994 brevi.
1152 932 1191 994 In
1207 929 1360 994 claustro
1376 949 1446 994 non
1461 942 1514 996 est
1529 933 1685 997 hostium
1701 954 1826 1016 neque

623 1030 740 1115 aliqua
754 1029 913 1094 clausura
927 1047 988 1092 seu
1002 1027 1166 1106 firmitas;
1184 1027 1219 1090 in
1233 1027 1375 1091 ecclesia
1388 1027 1432 1091 ad
1445 1046 1582 1092 crucem
1599 1048 1669 1092 non
1688 1039 1740 1094 est
1749 1029 1838 1093 fir-r

624 1129 747 1192 mitas:
765 1127 978 1211 precipimus
993 1127 1099 1209 priori
1115 1124 1488 1190 invirtuteobedientie
1501 1135 1541 1190 ut
1553 1126 1640 1189 inira
1656 1127 1825 1192 octodies

623 1235 703 1308 post
712 1235 872 1288 nostrum
883 1243 1057 1288 recessum
1070 1225 1133 1287 hec
1139 1222 1282 1285 omnino
1290 1221 1490 1285 emendaret
1497 1232 1531 1285 et
1541 1221 1694 1287 firmaret
1704 1246 1710 1286 :
1720 1225 1822 1305 quod

621 1321 732 1387 facere
741 1321 1123 1404 promisit.lnvenimus
1136 1318 1230 1402 quod
1240 1317 1495 1400 suppriordicti
1504 1318 1569 1382 loci
1579 1337 1648 1382 non
1663 1320 1822 1384 estsuffi-

624 1419 717 1483 ciens
727 1417 763 1480 in
778 1415 891 1480 officio
900 1436 1054 1494 su0,non
1063 1417 1266 1480 facittenere
1275 1414 1454 1480 silencium
1464 1416 1498 1478 in
1508 1416 1769 1500 ecclesianeque
1780 1418 1821 1482 in

622 1516 787 1592 claustro,
806 1532 917 1596 neque
939 1514 974 1577 in
1001 1515 1207 1578 dormitorio
1223 1533 1335 1596 neque
1350 1513 1385 1575 in
1401 1512 1593 1589 refectorio,
1610 1515 1720 1578 sedin
1737 1535 1822 1597 pre-

623 1611 738 1676 sencia
760 1631 823 1675 sua
838 1611 957 1694 plures
978 1610 1021 1676 de
1047 1611 1213 1675 fratribus
1239 1611 1404 1674 locuntur
1432 1628 1473 1672 ex
1500 1612 1753 1676 consuetudine
1780 1613 1820 1677 in

622 1708 764 1772 ecclesia
792 1708 1038 1784 communiter,
1068 1717 1102 1770 et
1129 1708 1277 1789 ipsemet
1305 1707 1470 1790 supprior
1488 1708 1524 1770 in
1546 1707 1687 1771 ecclesia
1708 1709 1756 1772 ita
1778 1729 1819 1774 se

623 1806 728 1869 habet
749 1805 851 1869 sicuti
874 1804 1020 1887 predicti
1051 1804 1243 1880 locutores3
1259 1804 1341 1868 item
1363 1805 1561 1868 invenimus
1576 1805 1704 1868 ibidem
1720 1807 1819 1886 quod

624 1902 768 1966 sacrista
785 1901 868 1966 dicti
884 1902 947 1965 loci
969 1920 1038 1964 non
1054 1911 1107 1964 est
1122 1901 1308 1977 sufficiens,
1338 1901 1397 1965 tali
1424 1902 1555 1965 ratione
1584 1903 1666 1983 quia
1680 1903 1820 1985 juvenis

621 2008 675 2063 est
690 2009 780 2063 etate
794 2008 829 2062 et
844 1998 979 2080 juvenis
995 1999 1030 2061 in
1045 1998 1178 2073 ordine,
1196 2007 1341 2080 propter
1356 1997 1450 2079 quod
1464 1997 1618 2061 diversas
1639 1999 1820 2081 negligen-

621 2097 691 2161 cias
705 2096 785 2160 facit
800 2096 843 2160 de
853 2095 966 2159 officio
982 2114 1065 2172 suo;
1083 2096 1165 2159 item
1181 2095 1224 2158 de
1239 2096 1354 2177 priore
1366 2094 1564 2159 invenimus
1578 2095 1672 2176 quod
1689 2115 1817 2178 parum

624 2192 668 2258 ad
685 2194 877 2257 matutinas
891 2193 1001 2254 venit:
1019 2202 1161 2255 excusat
1176 2210 1212 2255 se
1222 2190 1355 2254 ratione
1369 2190 1583 2255 infirmitatis
1597 2200 1703 2270 sue²⁰;
1731 2193 1817 2256 item

623 2309 746 2372 aspere
769 2309 806 2354 se
832 2291 939 2353 habet
967 2308 1049 2370 erga
1071 2287 1194 2352 fratres
1209 2308 1309 2365 suos,
1324 2308 1392 2353 non
1408 2290 1506 2354 dedit
1516 2291 1551 2354 in
1566 2311 1658 2355 anno
1671 2293 1738 2356 isto
1748 2293 1820 2357 fra-

624 2388 740 2452 tribus
755 2387 912 2452 tunicam
938 2405 1050 2469 neque
1065 2385 1236 2468 pelliciam
1251 2391 1299 2451 ²¹.
1317 2386 1404 2449 Item
1420 2386 1455 2448 in
1471 2388 1732 2469 temporalibus,
1752 2409 1819 2473 pro

624 2495 664 2550 ut
689 2484 936 2559 intelleximus,
953 2485 1039 2546 bene
1056 2503 1093 2546 se
1123 2484 1226 2546 habet
1255 2481 1370 2545 dictus
1399 2483 1505 2564 prior.
1537 2483 1586 2546 De
1614 2484 1741 2548 debitis
1768 2486 1819 2550 ita

624 2582 712 2645 dixit
727 2580 828 2644 nobis
843 2580 940 2662 prior
954 2579 1050 2661 quod
1067 2578 1218 2642 intendit
1233 2579 1365 2643 solvere
1376 2580 1470 2662 apud
1487 2582 1704 2665 Lugdunum
1720 2585 1771 2647 VJ
1787 2597 1818 2630 ¹¹

625 2679 730 2742 libras
744 2679 920 2742 Turonen.
938 2676 1031 2741 etita
1046 2695 1082 2739 se
1098 2677 1224 2739 habere
1240 2696 1346 2759 super
1357 2678 1568 2743 aliisdebitis
1581 2681 1674 2762 quod
1687 2682 1752 2744 erit
1770 2683 1816 2746 ad

625 2776 795 2838 honorem
808 2793 870 2839 sue
883 2791 1030 2855 persone
1044 2773 1135 2836 etad
1158 2772 1353 2855 profectum
1375 2774 1526 2850 ecclesie,
1549 2786 1584 2840 et
1606 2777 1700 2858 quod
1726 2777 1818 2841 resi-

623 2872 736 2935 duum
751 2871 794 2934 de
810 2869 1023 2951 supradictis
1037 2869 1163 2932 debitis
1178 2869 1213 2932 in
1229 2869 1297 2935 line
1321 2872 1422 2936 istius
1445 2873 1527 2935 anni
1549 2874 1615 2936 erit
1638 2874 1704 2938 CC.
1730 2875 1817 2938 libre

622 2968 792 3032 Viennen.
810 2975 845 3031 et
872 2968 958 3029 benc
985 2966 1131 3048 implere
1157 2966 1288 3032 factum
1316 2988 1420 3033 suum
1446 2969 1481 3031 in
1511 2971 1675 3035 omnibus
1695 2979 1731 3034 et
1753 2989 1818 3053 per

623 3066 750 3129 omnia.

662 3164 681 3244 5
698 3161 751 3226 18.
770 3163 831 3227 Die
847 3164 970 3226 martis
985 3163 1257 3244 ²²hrimusapud
1274 3164 1401 3227 Villam
1410 3165 1545 3228 Novam
1558 3186 1564 3225 :
1576 3164 1622 3227 ibi
1634 3175 1818 3230 morantur

624 3260 695 3324 duo
712 3261 883 3334 monachi,
896 3261 1043 3323 honeste
1053 3260 1123 3324 vite
1131 3270 1166 3323 et
1174 3262 1319 3325 honeste
1327 3262 1599 3325 conversationis
1609 3283 1617 3338 3
1629 3262 1815 3327 servicium

623 3357 782 3421 divinum
797 3359 882 3420 bene
897 3356 1050 3420 reddunt
1065 3357 1121 3420 die
1135 3376 1174 3421 ac
1190 3367 1300 3422 nocte.
1319 3359 1815 3441 Dehospitalitatesecundum

623 3473 725 3536 posse
741 3454 869 3518 domus
885 3455 971 3517 bene
985 3465 1020 3517 et
1036 3453 1248 3519 sufficienter
1262 3467 1335 3530 est,
1351 3456 1540 3520 elemosina
1548 3456 1817 3522 daturcommu·

623 3551 713 3614 niter
723 3552 888 3614 omnibus
898 3550 1146 3615 tantummodo
1160 3551 1197 3614 in
1208 3552 1264 3615 die
1278 3552 1452 3617 dominica
1462 3577 1468 3615 :
1479 3554 1682 3618 debetdicta
1690 3554 1817 3618 domus

622 3646 665 3710 de
682 3647 773 3710 Villa
784 3648 883 3710 Nova
897 3667 955 3711 vu.
975 3647 1081 3709 libras
1092 3647 1279 3713 Viennen..
1289 3650 1404 3713 nonde
1416 3661 1573 3732 tempore
1586 3651 1665 3713 novi
1675 3637 1814 3733 prioris,

625 3745 686 3810 sed
701 3746 842 3809 mortui.

666 3864 722 3927 19.
749 3842 811 3906 Die
836 3842 999 3905 mercurii
1014 3852 1049 3905 et
1060 3842 1116 3905 die
1129 3842 1258 3922 joviset
1269 3844 1324 3907 die
1332 3845 1634 3925 venerissequenti
1646 3843 1816 3907 ”luimus

649 4073 697 4125 20.
718 4072 864 4123 D'abord:
882 4074 970 4124 venit.
996 4087 1048 4123 nec
1072 4073 1101 4123 in
1117 4073 1241 4123 ecclesia
1257 4073 1327 4137 legit
1342 4072 1387 4121 vel
1403 4080 1510 4129 cantat,
1526 4079 1554 4122 et
1571 4071 1651 4136 quod
1664 4083 1814 4134 nunquam

622 4135 741 4185 missam
756 4136 885 4187 cantavit
902 4146 1058 4201 postquam
1076 4137 1155 4186 venit
1175 4136 1254 4200 apud
1269 4135 1457 4204 Ambertam:
1474 4134 1543 4204 item
1559 4148 1661 4245 parum
1679 4141 1762 4183 curat
1777 4133 1813 4181 de

621 4196 836 4260 spiritualibus.
850 4208 880 4248 ut
895 4199 980 4249 nobis
993 4198 1104 4249 dictum
1119 4199 1182 4253 fuit,
1200 4206 1301 4248 elnon
1316 4197 1397 4246 vadit
1412 4209 1442 4245 rn
1458 4204 1557 4259 capitu
1590 4197 1687 4246 .-<.>l.
1699 4193 1812 4261 Effeci:

621 4271 680 4307 non
695 4258 763 4308 item
775 4269 925 4331 computat
936 4275 1033 4310 coram
1049 4261 1189 4312 fratribus
1207 4260 1243 4310 de
1254 4269 1332 4310 statu
1350 4260 1464 4308 domus.
1479 4259 1546 4309 licet
1558 4260 1587 4306 in
1598 4259 1813 4309 constitucione

620 4320 767 4385 generalis
781 4322 903 4385 capituli
916 4331 944 4372 et
956 4323 985 4372 in
1010 4323 1225 4374 constitucione
1240 4323 1315 4371 domi
1335 4334 1408 4392 pape
1430 4329 1574 4372 statutum
1589 4329 1634 4372 est
1647 4337 1655 4379 ς
1670 4321 1740 4371 item
1755 4321 1813 4371 ler-

621 4397 677 4448 gus
691 4391 735 4434 cst
750 4397 815 4432 cum
827 4384 942 4434 famulis
954 4386 1025 4436 suis,
1039 4387 1149 4450 quibus
1159 4385 1240 4436 dedit
1252 4385 1280 4432 in
1292 4397 1369 4433 anno
1380 4392 1438 4432 isto
1453 4391 1563 4434 vestem
1572 4383 1730 4447 duplicem,
1746 4398 1812 4432 cum

622 4446 756 4496 monachi
779 4446 870 4497 nichil
894 4448 1045 4499 haberent.
1060 4475 1090 4485 -
1110 4447 1155 4499 29„
1169 4460 1207 4497 ao
1227 4460 1308 4496 mars.
1324 4473 1354 4482 —·
1369 4445 1414 4497 ὦ
1428 4446 1500 4496 ard
1513 4460 1596 4496 mars.
