3862 5610
599 754 663 823 172
1109 761 1280 821 aviannrx

597 888 777 972 respondit
787 894 894 970 prout
905 889 972 951 sub
983 885 1298 970 quolibetarticulo
1309 888 1519 967 contimtum¹
1531 895 1670 972 recepto
1679 887 1787 953 eclam

597 988 796 1069 juramento
811 1006 831 1050 a
848 985 995 1068 singulis
1016 984 1080 1049 loci
1096 983 1277 1050 monachis
1291 987 1328 1049 in
1345 984 1522 1067 presencia
1536 984 1675 1066 prioris,
1691 984 1786 1069 quod

599 1102 705 1165 super
716 1082 797 1146 dict.
810 1081 966 1144 articulis
979 1100 1040 1162 per
1049 1081 1130 1144 dict.
1141 1083 1294 1163 priorem
1303 1082 1449 1164 negatis,
1458 1082 1493 1143 in
1502 1080 1619 1147 rotulo
1630 1081 1787 1163 predicto

594 1177 782 1254 contentis,
813 1178 954 1259 plenam
973 1195 1081 1257 quam
1096 1177 1225 1242 scirent
1240 1179 1340 1241 nobis
1354 1177 1509 1241 dicerent
1521 1177 1700 1241 veritatem
1716 1198 1723 1253 ;
1753 1186 1788 1241 et

595 1294 676 1340 cum
692 1276 861 1338 vellemus
874 1274 917 1338 ad
933 1274 1226 1339 examinationem
1242 1275 1454 1357 c(u)juslibet
1469 1283 1602 1339 secreto
1614 1282 1649 1338 et
1661 1274 1789 1358 sigilla-

595 1373 660 1436 tim
675 1371 874 1453 procedere,
900 1372 982 1435 dict.
1008 1369 1105 1452 prior
1122 1389 1142 1434 a
1159 1372 1258 1434 nobis
1272 1371 1316 1435 ad
1330 1371 1446 1435 revdnm
1461 1380 1597 1451 patrem
1612 1372 1648 1434 in
1663 1370 1788 1453 Xpisto

528 1550 531 1554 ⁴
597 1470 692 1534 dom.
709 1471 870 1533 abbatem
885 1469 1083 1534 Cluniacen.
1096 1488 1157 1532 seu
1169 1468 1212 1532 ad
1226 1468 1432 1532 diffinitores
1442 1468 1477 1530 in
1489 1467 1786 1551 scriptisappella·

596 1569 657 1647 vit,
670 1577 777 1651 prout
790 1568 826 1629 in
840 1567 1072 1649 appellatione
1086 1586 1148 1631 sua
1158 1564 1358 1629 continetur
1370 1587 1376 1626 :
1390 1563 1490 1646 cujus
1504 1562 1726 1646 appellationi
1742 1568 1785 1629 ob

596 1664 829 1729 reverenciam
845 1664 969 1745 prefati
984 1663 1076 1726 domi
1088 1661 1222 1727 abbatis
1229 1668 1264 1724 et
1272 1659 1405 1725 ordinis
1413 1659 1615 1739 detulimus,
1630 1661 1786 1743 proutde

595 1759 670 1842 jure
683 1759 898 1823 debebamus
913 1766 947 1822 et
962 1767 1165 1840 poteramus
1177 1756 1332 1821 defferre.
1366 1757 1449 1821 Post
1464 1759 1527 1822 hec
1542 1756 1706 1839 subprior
1721 1757 1785 1821 loci

594 1873 676 1919 cum
694 1854 816 1936 majori
832 1862 931 1937 parte
955 1864 1147 1919 conventus
1166 1853 1261 1917 venit
1274 1852 1317 1916 ad
1335 1872 1409 1928 nos,
1431 1854 1490 1935 qui
1507 1854 1606 1919 nobis
1621 1853 1785 1918 dixerunt

595 1952 689 2035 quod
706 1952 788 2017 dict.
807 1954 999 2016 monachus
1014 1952 1169 2034 predicta
1186 1969 1255 2014 non
1272 1950 1540 2015 denunciaverat
1555 1951 1598 2016 de
1613 1968 1785 2015 consensu

596 2058 631 2113 et
641 2051 820 2115 voluntate
835 2050 1005 2132 ipsorum,
1016 2056 1084 2113 etlv
1094 2048 1255 2112 dicebant
1267 2047 1361 2128 quod
1373 2047 1454 2115 dict.
1473 2048 1568 2130 prior
1583 2048 1670 2113 bene
1682 2046 1785 2130 spiri-

596 2144 737 2210 tualiter
746 2154 780 2209 et
789 2144 1029 2227 temporaliter
1037 2143 1267 2209 ministrabat.
1279 2145 1499 2209 Posteavero
1508 2144 1604 2208 dom·
1613 2144 1728 2210 Guido
1740 2143 1784 2208 de

578 2242 748 2317 “Cusello
772 2243 867 2306 dom·
882 2241 998 2305 Guido
1013 2241 1056 2304 de
1070 2240 1202 2322 Semay
1217 2251 1252 2305 et
1267 2241 1362 2305 dom·
1377 2241 1573 2306 Richardus
1587 2241 1631 2305 de
1646 2240 1783 2317 Donfai,

596 2341 767 2417 monachi,
784 2340 884 2403 nobis
901 2338 1081 2420 conquesti
1097 2337 1240 2403 luerunt
1255 2339 1349 2419 quod
1364 2339 1459 2421 prior
1477 2338 1635 2403 Ginhiaci
1650 2356 1784 2420 procu-

594 2443 729 2500 raverat
744 2455 825 2518 erga
840 2435 994 2517 priorem
1009 2435 1230 2499 claustralem
1245 2434 1444 2500 Cluniacen.
1461 2436 1558 2517 ipsos
1570 2436 1613 2499 de
1627 2435 1782 2518 prioratu

594 2530 668 2596 sine
682 2550 786 2595 causa
802 2532 939 2614 expelli,
971 2541 1127 2613 petentes
1142 2548 1222 2594 cum
1237 2531 1405 2595 instancia
1421 2551 1457 2595 se
1472 2531 1608 2595 restitui
1623 2530 1666 2594 ad
1683 2548 1782 2594 suam

595 2627 779 2729 pristinam
801 2628 1015 2691 mansionem
1029 2648 1036 2703 ;
1063 2645 1169 2707 aquo
1184 2627 1299 2708 priore
1315 2647 1454 2692 causam
1470 2627 1682 2711 expulsionis
1697 2627 1778 2691 dict.

595 2727 849 2790 monachorum
871 2725 1097 2808 quesivimus,
1124 2742 1231 2805 quam
1255 2725 1354 2789 nobis
1379 2725 1490 2788 noluit
1510 2724 1698 2807 explicare,
1729 2734 1782 2788 set

595 2821 684 2884 dixit
711 2822 812 2885 nobis
833 2820 928 2903 quod
949 2820 1030 2883 dict.
1055 2838 1195 2884 causam
1214 2830 1402 2903 exponeret
1417 2839 1534 2886 coram
1549 2821 1646 2885 dom⁰
1658 2822 1782 2885 abbate

508 2976 512 2985 .
593 2916 792 2981 Cluniacill.
810 2918 919 2981 Debet
933 2916 1061 2981 domus
1075 2917 1233 2982 Ginhiaci
1250 2917 1343 2982 mille
1352 2927 1387 2982 et
1397 2919 1491 2983 COC.
1505 2917 1610 2982 libras
1618 2917 1671 2982 vel
1679 2918 1779 2982 circa.

633 3012 667 3076 8.
693 3013 755 3077 Die
778 3013 865 3094 jovis
887 3013 1079 3095 sequenti¹²
1101 3012 1233 3078 fuimus
1246 3013 1339 3096 apud
1356 3016 1511 3079 Montem
1529 3015 1694 3091 Bertoldi,
1722 3015 1781 3078 ubi

593 3118 677 3175 sunt
697 3109 768 3174 duo
792 3110 953 3174 monachi
975 3111 1063 3173 bone
1078 3110 1147 3173 vite
1163 3130 1170 3185 ;
1189 3111 1384 3174 celebratur
1401 3110 1531 3175 ibidem
1553 3110 1708 3192 qualibet
1726 3110 1782 3175 die

595 3224 665 3271 una
692 3205 797 3270 missa
817 3224 898 3270 cum
916 3214 1009 3283 nota,
1038 3205 1103 3268 alie
1125 3221 1185 3268 ore
1207 3217 1376 3271 nocturne
1391 3207 1520 3289 pariter
1534 3217 1568 3272 et
1580 3206 1705 3272 diurne
1720 3226 1783 3290 per

593 3302 676 3369 dict.
695 3304 883 3367 monachos
897 3320 979 3366 cum
995 3309 1078 3366 nota
1092 3311 1300 3380 cantantur,
1331 3305 1549 3386 hospitalitas
1564 3314 1724 3369 servatur
1744 3306 1780 3368 in

596 3405 688 3482 loen,
706 3403 920 3468 helemosina
935 3403 1039 3467 bisin
1054 3403 1224 3468 edomada
1238 3401 1279 3464 fit
1293 3400 1436 3464 ibidem

633 3522 667 3586 9.
681 3501 886 3565 Dieveneris
896 3508 975 3563 ante
985 3501 1103 3564 occuli
1112 3502 1175 3564 mei
1180 3497 1443 3579 ¹³iuimusapud
1453 3499 1603 3563 Gravem
1611 3499 1780 3582 Longam,

594 3597 654 3662 ubi
678 3606 762 3661 sunt
787 3617 904 3661 xxxvu
927 3598 1094 3662 moniales
1108 3597 1230 3670 velate,
1256 3597 1345 3658 bone
1365 3595 1433 3657 vite
1455 3606 1490 3658 et
1509 3596 1782 3660 conversationis

595 3696 750 3769 honeste,
766 3703 800 3757 et
815 3704 885 3757 tres
900 3713 969 3757 non
982 3695 1091 3758 velate
1105 3693 1309 3773 recipientes
1325 3691 1550 3773 prebendam,
1567 3701 1601 3755 et
1615 3692 1687 3757 duo
1700 3696 1782 3757 mo‘-

581 3790 695 3854 machi
710 3808 790 3854 cum
804 3789 936 3871 priore3
951 3791 1146 3855 celebratur
1158 3789 1286 3853 ibidem
1299 3790 1335 3851 in
1348 3797 1522 3852 conventu
1533 3789 1782 3875 diebussingu·

596 3888 636 3950 lis
650 3905 722 3950 una
737 3886 843 3949 missa
857 3905 938 3950 cum
954 3898 1047 3964 nota,
1060 3888 1138 3952 etin
1149 3886 1272 3950 diebus
1281 3884 1692 3963 sollemnibus,hdventu
1701 3887 1780 3951 etin

594 3983 866 4066 Quadragesima
879 3982 948 4047 due
959 3984 1064 4048 misse
1076 4003 1156 4047 cum
1173 3992 1254 4046 nota
1268 3981 1520 4063 ce(le)brantur
1533 3983 1663 4047 ibidem
1675 4007 1683 4064 ;
1702 3988 1782 4049 hos-

594 4081 746 4163 pitalitas
754 4091 788 4144 et
797 4081 1160 4169 helemosinafiuntibi
1172 4087 1342 4162 proutest
1351 4081 1385 4143 in
1394 4080 1469 4143 loco
1479 4081 1522 4143 ab
1532 4081 1686 4162 antiquis
1695 4092 1780 4146 tem-

595 4178 740 4260 poribus
750 4187 957 4242 consuetum
972 4199 979 4253 ;
992 4178 1026 4240 in
1038 4177 1243 4241 dormitorio
1255 4197 1325 4241 non
1336 4179 1448 4259 jacent
1459 4179 1524 4241 nisi
1534 4198 1591 4242 xvr
1602 4181 1780 4258 moniales,

595 4273 677 4354 quia
689 4274 947 4356 pluresibidem
958 4274 1063 4356 recipi
1074 4292 1143 4337 non
1154 4285 1321 4357 possunt:
1339 4276 1383 4340 de
1397 4295 1468 4359 quo
1480 4286 1553 4339 tam
1563 4276 1660 4357 prior
1673 4296 1780 4360 quam

627 4453 677 4569 ¹23
685 4454 960 4569 qffbssrdmim-
975 4456 1016 4506 ll.
1027 4453 1123 4524 Effeci
1133 4457 1180 4508 vel
1194 4471 1293 4510 eoram
1305 4457 1540 4523 dliffinitoribus).
1550 4486 1581 4498 -
1596 4459 1638 4513 12.
1649 4474 1685 4512 ro
1698 4473 1781 4512 marr.
