3862 5610
851 823 897 867 ua
918 824 1055 872 ranauo
1228 832 1231 837 ·
1513 799 1558 863 55

364 947 446 992 cum
462 930 630 994 uxoribus
645 951 767 996 eorum
782 942 816 997 et
831 933 1039 1015 infantibus;
1071 946 1105 1000 et
1120 936 1156 1000 in
1171 934 1268 999 silvis
1289 934 1364 1015 ejus
1387 929 1559 1011 accipiant

365 1025 458 1107 ligna
479 1025 569 1091 sicea
592 1036 626 1090 et
648 1029 772 1094 viridia
793 1029 836 1092 ad
859 1050 945 1094 usus
967 1052 1062 1109 suos,
1092 1033 1183 1095 sicut
1204 1040 1239 1093 et
1260 1029 1316 1092 alii
1339 1028 1399 1108 qui
1421 1027 1458 1088 in
1478 1024 1559 1087 villa

366 1131 519 1186 manent.
536 1123 568 1187 S’
585 1126 778 1203 Bertranni,
801 1127 833 1190 S’
848 1128 1017 1205 Anselmi,
1037 1128 1070 1192 S’
1086 1126 1200 1202 Udini,
1219 1125 1376 1188 fratrum.
1398 1121 1430 1185 S'
1458 1120 1560 1201 Ugo-'

366 1219 436 1281 nist
454 1220 602 1284 comitis.
633 1221 665 1285 S‘
682 1224 855 1288 Tetbaldii
875 1226 1023 1290 comitis.
1054 1225 1086 1289 S'
1103 1223 1264 1290 Rotberti
1279 1223 1322 1286 de
1336 1219 1506 1286 Saliniaco
1521 1224 1559 1279 et

367 1315 501 1397 Ugonis
516 1317 635 1381 fratris
647 1320 732 1401 ejus.

913 1465 1028 1565 102¹

828 1600 915 1663 Irun
935 1618 1097 1664 ususnnu.

368 1730 472 1880 Isou
494 1727 568 1808 ipse
592 1727 745 1792 domnus
768 1731 982 1795 Bertrannus
997 1731 1103 1808 dedit,
1121 1750 1186 1812 pro
1200 1730 1316 1794 anima
1330 1738 1364 1792 et
1380 1729 1562 1811 sepultura

401 1821 518 1886 fratris
532 1824 586 1888 sui
601 1824 716 1900 Ildini,
733 1844 898 1890 mansum
914 1818 1024 1891 ur'iurn
1041 1845 1111 1889 non
1127 1827 1230 1909 longe
1239 1828 1282 1889 ab
1292 1822 1560 1890 ecelesiaSancti

368 1919 485 1983 Albini
505 1921 626 1999 situm,
658 1941 739 1987 eum
763 1924 929 1988 omnibus
950 1921 1161 2004 appenditiis
1185 1922 1268 1997 suis,
1300 1921 1406 1995 silvis,
1436 1919 1558 2002 pratis,

368 2017 518 2098 pascuis,
534 2019 646 2099 aquis,
661 2019 762 2082 terris
777 2020 880 2084 cultis
895 2030 929 2083 et
944 2020 1096 2095 incultis,
1113 2018 1264 2082 exitibus
1279 2028 1312 2081 et
1322 2017 1555 2100 regressibus:

368 2122 485 2178 toturn
505 2115 548 2178 ad
573 2115 833 2198 inquirendum.
865 2117 897 2181 S'
921 2114 1113 2179 Bertranni.
1144 2113 1176 2176 S'
1205 2112 1351 2176 Dodoni.
1382 2112 1414 2175 ὃ·
1438 2110 1559 2173 domni

374 2209 505 2291 Ugonis
520 2212 656 2275 comitis
671 2222 706 2276 et
721 2213 885 2297 episcopi.
903 2214 935 2277 S'
951 2210 1113 2284 Ansedei,
1129 2209 1283 2293 Seguini.

917 2402 1032 2505 103⁴

831 2539 917 2602 Irau
933 2556 1096 2603 ssusnan.

371 2668 474 2818 Iron
489 2664 642 2730 domnus
657 2668 871 2731 Bertrannus
885 2668 929 2732 ad
945 2677 1096 2733 mortem
1112 2669 1264 2743 veniens,
1282 2686 1345 2749 pro
1358 2665 1474 2729 anima
1486 2685 1560 2743 sua,

404 2771 439 2824 et
467 2762 620 2826 domnus
648 2764 837 2829 Walterius
861 2765 904 2829 de
926 2767 1131 2831 Parreniaco
1162 2775 1196 2828 et
1218 2762 1402 2828 Ansedeus
1426 2763 1559 2841 fratres,

369 2857 542 2922 dederunt
567 2858 639 2922 Deo
660 2859 696 2921 in
716 2862 781 2924 hoe
802 2860 877 2924 loco
899 2881 1064 2945 eampum
1089 2882 1212 2938 unum,
1243 2862 1389 2925 Vetulas
1408 2861 1561 2925 Miletias

369 2954 524 3018 dictum:
556 2956 721 3019 terminat
743 2975 785 3019 ex
809 2977 880 3022 uno
907 2960 1013 3023 latere
1037 2960 1167 3023 foresta
1194 2959 1320 3034 Paion,
1350 2977 1391 3021 ex
1416 2957 1483 3021 alio
1507 2957 1562 3021 via

369 3054 524 3134 publica;
543 3062 578 3115 et
591 3054 686 3116 omni
702 3073 793 3117 anno
810 3074 916 3119 unam
929 3066 1101 3120 carratam
1114 3055 1182 3120 feni
1196 3055 1233 3118 in
1249 3063 1350 3136 prato
1364 3054 1504 3121 Otelmi.
1527 3063 1562 3117 et

369 3157 497 3211 terrarn
522 3149 617 3212 illam
638 3167 715 3229 quae
737 3149 865 3214 dicitur
884 3153 1039 3233 Campus
1053 3152 1244 3234 Spinosus3
1270 3149 1562 3213 dederuntetiam

370 3261 512 3307 servum
540 3244 728 3308 Girardum
755 3247 904 3310 nomine.
937 3249 1013 3311 Hoc
1042 3267 1123 3311 vero
1152 3246 1286 3310 donum
1316 3245 1471 3310 fecerunt
1496 3266 1560 3329 pro

371 3340 553 3420 sepultura
568 3341 678 3421 patris
693 3342 747 3404 sui
768 3342 907 3405 Heldini
924 3352 958 3404 et
975 3363 1038 3426 pro
1054 3345 1164 3406 salute
1186 3343 1382 3406 animarum
1402 3361 1559 3407 suarum.

365 3435 400 3499 S'
416 3436 580 3500 Gaufredi
597 3438 640 3501 de
654 3440 820 3516 Varenas,
838 3440 1005 3503 Heldradi
1016 3439 1059 3502 de
1069 3439 1220 3514 Chastei,
1234 3438 1356 3521 Asgini
1367 3438 1409 3501 de
1419 3439 1559 3511 Gentes,

371 3530 503 3615 Ugonis
517 3534 713 3611 Mencioda,
732 3538 897 3600 Bernardi
912 3536 1069 3601 Gondeli.

915 3710 1028 3810 tuit

414 3879 535 3940 Charta
557 3879 597 3941 de
618 3879 666 3940 Μ.
691 3880 868 3941 Josserand
889 3881 930 3942 de
952 3880 1111 3942 Varennes
1132 3893 1164 3943 et
1185 3881 1360 3962 sessreres
1374 3881 1516 3963 Hugues
1530 3887 1562 3940 et

370 3976 533 4053 Bernard,
551 3975 692 4058 quisunt
704 3977 857 4038 donation
866 3978 911 4039 du
920 3978 989 4039 bois
998 3977 1039 4037 de
1049 3978 1158 4040 Corde
1169 3975 1395 4058 (Cordensis),
1407 3976 1450 4036 du
1462 3985 1562 4056 temps

370 4073 411 4133 de
424 4076 451 4133 ε’
473 4072 595 4135 Odilie.

400 4233 427 4282 3.
445 4235 477 4283 ,11
494 4235 550 4287 U-i.
566 4265 592 4274 -
603 4237 629 4287 4.
642 4238 664 4287 S
676 4237 810 4288 Theou-i.

403 4357 513 4399 m·-
530 4348 554 4398 1.
572 4349 595 4399 C
619 4348 676 4409 '36‚
701 4350 810 4401 MXXI
828 4350 894 4401 1011.

401 4469 473 4512 m.
488 4485 513 4494 -
530 4460 552 4509 1.
570 4459 665 4524 C36',
680 4463 789 4513 ΜΧΧΙ
807 4461 880 4514 1062

404 4583 475 4627 m.
493 4599 522 4609 ·-
541 4572 564 4623 1.
579 4574 602 4624 C
616 4569 713 4634 3631.
730 4575 766 4625 '2.
