3862 5610
871 787 917 831 ns
942 783 1082 830 suanno
1239 819 1241 824 ,
1505 756 1570 826 105

374 935 455 980 suas
481 914 812 997 circumadjacentes
838 913 1071 991 vendiderint,
1103 913 1264 976 homines
1294 913 1405 978 nostri
1431 929 1570 993 semper

374 1013 593 1095 supradictas
608 1011 880 1076 consuetudines
896 1012 1087 1088 habebunt,
1104 1019 1139 1074 et
1154 1029 1212 1074 eas
1235 1010 1385 1073 vendere
1401 1027 1471 1071 non
1486 1025 1569 1089 pos-

375 1117 468 1174 sunt.
487 1112 561 1174 Hoc
575 1109 719 1186 donum,
738 1109 828 1172 sicut
844 1127 952 1190 supra
970 1108 1185 1184 dictumest,
1202 1126 1309 1189 super
1330 1107 1437 1169 altare
1451 1102 1568 1173 Sancti

372 1208 541 1273 Johannis
556 1205 712 1270 fecerunt
728 1214 763 1268 et
780 1214 997 1269 sacramento
1020 1204 1328 1281 confirmaverunt,
1344 1202 1439 1286 quod
1456 1218 1568 1283 neque

373 1324 437 1387 per
451 1323 487 1367 se
501 1323 613 1386 neque
633 1322 696 1385 per
710 1319 968 1383 quemcumque
983 1301 1225 1383 proximorum
1242 1318 1389 1364 suorum
1403 1299 1568 1378 calump-

374 1403 468 1466 niam
483 1402 536 1464 vel
549 1399 744 1481 dampnum
753 1398 864 1462 eidem
876 1395 1026 1462 ecclesiae
1036 1397 1090 1460 vel
1103 1396 1188 1478 ipsis
1199 1395 1402 1459 hominibus
1414 1394 1566 1471 eveniat;

374 1497 468 1579 quod
493 1497 521 1560 si
551 1496 636 1577 ipsis
663 1495 779 1558 insciis
807 1494 1016 1578 contigerit,
1033 1493 1153 1556 audita
1174 1491 1391 1574 querimonia
1406 1510 1425 1554 a
1440 1490 1565 1573 priore,

372 1595 461 1658 infra
475 1614 556 1657 rum.
574 1593 648 1656 dies
662 1593 859 1674 dampnum
875 1592 1062 1656 restituent
1072 1600 1107 1654 et
1117 1591 1160 1654 de
1172 1599 1287 1655 cetero
1298 1609 1417 1673 pacem
1430 1589 1564 1653 facient.

375 1693 424 1756 De
440 1692 544 1754 fratre
559 1698 677 1754 autem
693 1709 757 1754 suo
777 1691 922 1772 parvulo
936 1688 1070 1752 dictum
1086 1699 1139 1752 est
1154 1699 1189 1752 et
1204 1699 1420 1753 sacramento
1434 1685 1567 1751 confir-

374 1799 508 1852 matum
523 1790 566 1850 ab
586 1787 682 1868 ipsiS,
700 1787 794 1868 quod
810 1788 853 1851 ad
876 1805 1030 1868 praesens
1045 1796 1161 1850 totum
1176 1785 1301 1849 facient
1316 1783 1503 1848 concedere
1517 1793 1562 1860 et,

373 1895 562 1968 postquam
588 1884 631 1948 ad
655 1885 828 1968 legitimos
857 1901 966 1947 annos
992 1885 1135 1962 venerit,
1160 1896 1376 1949 sacramento
1391 1883 1531 1946 firmare
1554 1903 1561 1958 3

374 1985 446 2046 haec
472 1982 599 2060 omnia,
626 1983 715 2045 sicut
742 2000 848 2063 supra
863 1980 1026 2058 diximus,
1050 1982 1253 2063 juraverunt
1268 1991 1302 2044 et
1317 2001 1354 2046 se
1370 2001 1433 2063 pro
1454 1998 1564 2063 puero

374 2086 500 2161 nepote
515 2098 579 2143 suo
601 2079 672 2142 duo
687 2078 849 2142 avunculi
863 2096 997 2155 eorum,
1023 2079 1291 2143 Gauscerannus
1310 2078 1353 2141 de
1369 2077 1515 2160 Digonia
1529 2084 1565 2139 et

372 2174 554 2251 Girardus,
570 2193 800 2256 responsuros
814 2174 1051 2241 firmaverunt.
1070 2178 1187 2259 Hujus
1202 2179 1250 2240 rei
1267 2185 1374 2240 testes
1389 2185 1471 2239 sunt
1486 2175 1561 2238 isti:

372 2273 641 2336 Gauscerannus
656 2272 698 2334 de
713 2271 870 2353 Digonia,
887 2280 921 2333 et
948 2274 1137 2339 Letbaldus
1152 2285 1187 2339 et
1209 2273 1391 2350 Girardus,
1420 2275 1506 2337 Atto
1521 2271 1564 2335 de

373 2370 532 2450 Copetra,
560 2370 736 2433 Robertus
765 2369 950 2446 Dalmacii,
980 2373 1169 2434 Anselmus
1190 2371 1232 2436 de
1260 2372 1389 2436 Sancto
1416 2370 1562 2444 Albino,

372 2466 560 2531 Gaufridus
575 2466 618 2528 de
634 2466 837 2530 Marchisut.
851 2468 924 2530 Nos
938 2477 1056 2530 autem
1072 2489 1136 2549 pro
1151 2470 1216 2532 hoc
1229 2467 1322 2532 dono
1337 2467 1508 2542 dedimus,
1521 2464 1565 2528 de

373 2563 568 2627 substantia
582 2562 742 2639 ecclesiae,
759 2564 830 2626 duo
847 2564 953 2626 millia
968 2566 1159 2628 solidorum
1175 2575 1210 2628 et
1225 2575 1408 2629 trecentos.
1434 2565 1563 2627 Actum

372 2669 425 2722 est
440 2661 505 2722 hoc
520 2677 612 2722 anno
627 2660 878 2723 incarnationis
893 2660 1081 2724 Dominicae
1092 2662 1139 2724 M.
1157 2662 1194 2725 C.
1212 2661 1284 2725 XL.
1302 2662 1381 2736 Vll,
1396 2665 1563 2741 regnante

374 2756 551 2820 Ludovico
574 2774 664 2837 rege,
690 2775 781 2819 anno
808 2756 1029 2838 profectionis
1058 2778 1130 2822 suae
1153 2759 1188 2821 in
1215 2759 1433 2823 Hierusalem
1453 2766 1479 2833 ³,
1508 2761 1560 2821 ul

373 2872 481 2917 nonas
498 2853 577 2916 maii
598 2861 624 2930 ὁ,
640 2854 833 2935 imperante
849 2854 999 2917 Domino
1014 2865 1135 2919 nostro
1148 2857 1167 2920 J
1170 2875 1231 2919 esu
1253 2856 1405 2932 Christo,
1431 2856 1561 2919 domno

373 2951 477 3015 Petro
491 2953 615 3016 abbate
630 2950 866 3015 Cluniacensis
881 2951 1039 3015 ecclesiae.

911 3205 1029 3310 207⁴

520 3376 799 3457 (Sacnnrrsurun
816 3378 954 3442 Kanorr
970 3401 1005 3444 nu
1021 3401 1119 3446 aranu
1135 3388 1400 3462 cenomanum).

369 3632 403 3710 et
427 3624 537 3686 beatis
560 3625 728 3704 apostolis
753 3627 857 3689 Petro
884 3636 918 3689 et
942 3629 1049 3692 Paulo
1065 3638 1099 3691 et
1116 3631 1215 3692 beato
1230 3629 1350 3704 Grat0,
1371 3638 1405 3691 et
1421 3628 1562 3710 proprie

369 3721 444 3783 loco
458 3720 501 3783 de
515 3721 646 3783 Paredo
665 3731 700 3783 et
720 3722 883 3786 omnibus
904 3723 1033 3788 ibidem
1050 3727 1300 3804 habitantibus,
1317 3737 1389 3790 tam
1404 3745 1562 3807 praesen-

369 3818 464 3880 tibus
479 3837 585 3898 quam
601 3816 741 3893 futuris,
770 3818 804 3880 in
820 3822 1005 3899 praesentia
1026 3832 1060 3885 et
1082 3824 1116 3884 in
1134 3842 1240 3887 manu
1265 3824 1384 3887 domni
1409 3822 1559 3887 Ponciil

366 3913 501 3976 abbatis
513 3914 766 3990 Cluniacensis3
780 3916 1009 3995 praesentibus
1025 3921 1205 3984 monachis
1218 3944 1224 3984 ε
1237 3919 1367 3984 domno
1380 3920 1556 3985 Bernardo

367 4012 492 4094 priore,
520 4013 651 4075 domno
666 4013 845 4076 Adalelmo
870 4016 1060 4079 camarario
1079 4026 1107 4091 ³,
1132 4017 1263 4081 domno
1287 4020 1391 4081 Petro
1413 4019 1555 4094 decano,

367 4110 498 4173 domno
513 4112 662 4192 Hugone
677 4113 945 4190 constabulario,
963 4113 1094 4177 domno
1106 4115 1204 4179 Helia
1215 4114 1451 4196 hospitalario,
1465 4115 1556 4196 ipso·

367 4226 434 4289 que
449 4208 565 4289 priore
586 4208 628 4271 de
644 4209 777 4273 Paredo
801 4210 931 4274 domno
954 4210 1102 4277 Actaldo
1125 4219 1160 4273 et
1182 4211 1342 4292 pluribus
1365 4210 1453 4288 aliis,
1477 4214 1558 4278 huic

396 4421 422 4470 ὅ.
439 4421 497 4471 ΜΒ
512 4422 535 4471 L
549 4421 634 4472 Je-m.
649 4450 675 4459 -
690 4423 716 4474 4.
731 4425 790 4474 ΜΒ
805 4423 908 4488 pridie.
924 4453 954 4462 -
970 4425 996 4475 li.
1008 4427 1042 4476 Μ
1054 4425 1119 4475 mai.
1137 4423 1155 4477 6
1170 4425 1225 4476 mai
1240 4425 1326 4491 1147.

397 4563 470 4606 m.
479 4580 509 4590 -
521 4554 544 4604 1.
562 4555 586 4605 C
598 4571 664 4618 111,
680 4554 738 4607 ΜΒ
750 4555 786 4606 18
797 4563 831 4614 ra)
843 4559 871 4604 et
885 4553 960 4604 Jrler
970 4552 1010 4611 rbi.
1022 4555 1089 4605 -2.
1100 4555 1177 4606 ΜΒα
1188 4569 1241 4606 om.
1255 4551 1321 4606 -3.
1332 4555 1553 4608 Mnacamero.
