3600 5564
1002 727 1173 775 Aressuulx

1019 995 1138 1099 222⁴

698 1156 820 1222 Gerra
833 1155 989 1220 Pururrr
1004 1166 1116 1230 neers,
1130 1166 1175 1213 nn
1190 1167 1285 1214 nouo
1301 1151 1446 1217 Pinum.

481 1307 538 1463 Iu
552 1302 714 1388 [Nelurus
725 1319 859 1367 seuere
875 1319 918 1364 nr
932 1314 1112 1362 monnone
1124 1295 1340 1376 Tururrirrs,
1351 1318 1460 1364 ausu.
1472 1301 1669 1386 Philippus,
1734 1382 1740 1394 ι

538 1399 599 1467 Dei
624 1399 735 1483 gratia
761 1399 977 1463 Francorum
1000 1411 1072 1457 rex.
1097 1392 1265 1458 Noverint
1290 1395 1461 1475 universi,
1490 1407 1672 1481 presentes

483 1496 613 1582 pariter
635 1504 672 1560 et
695 1493 816 1572 futuri,
843 1492 937 1578 quod
954 1489 1095 1556 ccclesia
1116 1488 1353 1556 Cluniacensis
1367 1491 1569 1575 frequenter
1582 1515 1672 1560 con-

482 1601 607 1676 questa
637 1589 751 1656 fuerat
790 1589 833 1653 de
862 1585 1037 1671 pressuris
1070 1587 1346 1670 vehementibus,
1371 1598 1406 1653 et
1434 1591 1671 1658 exactionibus

483 1687 664 1773 pessimis,
701 1685 830 1768 quibus
863 1703 978 1749 comes
1006 1681 1243 1747 Cabilonensis
1266 1684 1483 1751 willelmus²
1511 1697 1546 1753 et
1573 1697 1673 1771 pater

482 1803 569 1851 suus
592 1782 739 1848 domum
760 1781 804 1845 de
827 1780 958 1846 Paredo
973 1787 1007 1843 ct
1020 1778 1249 1862 pertinentias
1264 1778 1351 1858 ejus,
1366 1799 1405 1845 ac
1420 1790 1550 1847 terram
1563 1784 1670 1849 eccle-

480 1879 530 1946 sie
546 1881 771 1944 vehementcr
784 1875 989 1940 afflixerant.
1017 1875 1108 1940 Cum
1122 1873 1251 1955 itaque,
1268 1884 1427 1958 tempore
1440 1877 1551 1960 patris
1566 1879 1621 1944 sui
1635 1889 1670 1946 et

482 1997 558 2056 suo,
572 1978 616 2041 ab
626 1976 812 2041 abbatibus
822 1972 1107 2039 cluniacensibus
1122 1981 1156 2036 ct
1166 1972 1342 2056 prioribus
1354 1975 1476 2039 Paredi
1487 1995 1591 2060 super
1603 1979 1671 2044 hoc

481 2095 562 2159 sepe
587 2073 718 2139 frustra
740 2073 937 2137 laboratum
959 2069 1092 2146 fuisset,
1117 2068 1304 2134 novissime
1323 2083 1563 2137 convenerunt
1574 2074 1669 2157 apud

482 2172 702 2238 Lordonuma
720 2167 945 2235 Theobaldus
961 2169 1068 2232 abbas
1083 2168 1318 2233 cluniacensis
1335 2176 1370 2233 et
1384 2171 1561 2237 lohannes
1573 2172 1671 2256 prior

482 2267 617 2337 Paredi.
638 2284 719 2331 cum
743 2263 955 2347 quibusdam
978 2265 1158 2329 monachis
1180 2266 1477 2346 cluniacensibus,
1504 2277 1539 2334 et
1554 2289 1671 2336 comes

480 2363 719 2432 Cabilonensis
733 2380 814 2428 curn
829 2360 1040 2443 quibusdam
1066 2360 1235 2426 militibus
1258 2371 1293 2426 et
1309 2363 1511 2429 hominibus
1526 2365 1618 2446 suis;
1635 2375 1671 2432 et

480 2461 623 2528 tandem
642 2460 755 2524 victus
772 2458 917 2533 ratione,
933 2456 1109 2540 simulque
1118 2467 1342 2541 peccatorum
1357 2479 1503 2526 suorum
1519 2462 1670 2528 immen-

480 2558 620 2624 sitatem
634 2555 869 2631 considerans,
885 2554 931 2617 ob
946 2553 1141 2619 remedium
1154 2555 1269 2619 anime
1284 2575 1346 2621 sue
1359 2565 1396 2620 et
1410 2566 1670 2626 antecessorum

481 2673 639 2731 suorum,
664 2652 855 2738 guerpivitl
874 2650 1016 2734 penitus
1039 2661 1074 2715 et
1100 2652 1250 2733 quitavit
1264 2672 1386 2717 omnes
1400 2656 1671 2723 consuetudines

479 2761 515 2818 et
538 2751 745 2827 exactiones,
771 2767 859 2831 quas
872 2747 947 2832 ipse
962 2758 996 2813 et
1018 2757 1117 2831 pater
1139 2768 1225 2814 suus
1240 2749 1275 2813 in
1292 2757 1384 2814 terra
1396 2751 1536 2818 ecclesie
1549 2763 1671 2819 contra

480 2850 655 2933 justiciam
677 2855 712 2912 et
736 2847 938 2928 equitatem,
961 2846 997 2909 in
1012 2843 1208 2928 periculum
1223 2844 1422 2910 animarum
1437 2865 1595 2932 suarum,
1609 2868 1672 2914 ac-

480 2953 653 3030 ceperant.
688 2942 900 3027 Rccognovit
932 2942 1040 3027 igitur
1064 2949 1099 3006 et
1121 2940 1299 3006 confessus
1325 2952 1389 3019 est,
1415 2944 1509 3026 quod
1530 2944 1566 3009 in
1591 2945 1671 3011 villa

482 3041 607 3108 Paredi
626 3052 660 3106 et
675 3039 895 3124 pertinentiis
909 3039 985 3123 ejus
1000 3037 1082 3102 etin
1097 3038 1259 3103 universa
1272 3047 1364 3103 terra
1379 3038 1466 3121 ejus,
1481 3059 1550 3104 non
1567 3043 1671 3108 habet

482 3139 612 3205 talliam
632 3137 685 3202 vel
709 3135 972 3220 porcellagium,
997 3134 1051 3198 vel
1076 3136 1299 3221 besenagium
1314 3137 1366 3202 vel
1383 3136 1669 3223 messionagium,

481 3257 543 3303 seu
569 3233 807 3319 annonagium
830 3233 883 3297 vel
904 3232 1107 3298 carredum:
1134 3251 1202 3315 que
1224 3233 1341 3298 omnia
1363 3233 1438 3317 ipse
1460 3243 1495 3298 et
1519 3235 1669 3301 ministri

481 3334 557 3418 ejus
571 3334 780 3417 plerumque
793 3330 962 3397 violenter
975 3328 1188 3412 accipiebant
1201 3347 1210 3407 ;
1227 3337 1383 3410 preterea
1396 3329 1555 3396 homines
1567 3332 1670 3397 eccle-

480 3430 529 3495 sie
553 3428 764 3514 quandoque
787 3427 823 3491 in
846 3426 1084 3510 expeditiones
1105 3443 1185 3489 suas
1206 3423 1257 3487 ire
1271 3425 1416 3508 cogebat
1439 3433 1475 3490 et
1489 3445 1594 3509 opera
1607 3447 1670 3494 sua

480 3525 588 3592 facere
610 3524 850 3608 compellebat,
876 3522 1036 3587 videlicet
1060 3521 1096 3583 in
1119 3519 1256 3584 fossatis
1272 3519 1345 3585 suis
1359 3520 1533 3605 erigendis
1546 3532 1581 3587 et
1593 3542 1670 3588 cas-

479 3622 586 3688 tcllis⁵
603 3620 848 3687 construendis
862 3619 917 3684 vel
933 3615 1177 3682 destruendis:
1199 3634 1267 3698 que
1282 3617 1397 3681 omnia
1414 3618 1556 3701 penitus
1569 3639 1670 3704 guer-

479 3718 582 3803 pivit⁴
601 3727 637 3782 et
660 3716 803 3796 remisit,
821 3715 870 3779 ita
886 3712 980 3797 quod
998 3714 1060 3778 hec
1074 3713 1191 3776 omnia
1207 3714 1250 3776 ab
1264 3713 1342 3796 ipso
1354 3715 1408 3779 vel
1422 3717 1466 3779 ab
1483 3716 1671 3782 heredibus

508 3950 573 3994 m·
585 3974 616 3984 -
633 3947 657 3997 1.
674 3945 745 3997 Bibl.
767 3944 881 4007 tration,
894 3944 957 4018 coll.
974 3943 1008 3995 de
1022 3944 1350 4059 gon-rgogne'flfflxis
1369 3943 1451 4018 Cluui
1467 3960 1495 3996 rr·
1510 3944 1584 4021 268,
1593 3947 1670 4013 copie

478 4007 1010 4136 lttb‘tll'nlltlat‘eltllult
1026 4006 1671 4143 031null}tlltlabllt‘lllllt‘323

501 4148 567 4185 uam
589 4148 626 4199 ap
648 4142 711 4185 aret
730 4107 813 4199 quod
829 4146 927 4208 comes
948 4130 1154 4183 Cabilonensis
1176 4130 1266 4182 nichil
1292 4132 1381 4184 hebet
1401 4146 1431 4183 in
1454 4141 1515 4185 tots
1536 4143 1615 4206 terra
1634 4135 1671 4186 de

506 4195 623 4247 credo..
659 4193 762 4258 ,Cart
778 4194 814 4245 de
840 4194 978 4262 blunyl)
1006 4208 1036 4259 p.
1056 4207 1111 4243 roo
1133 4206 1160 4243 n·
1181 4191 1307 4246 πων-(1
1321 4191 1544 4255 ,chartesetur
1567 4195 1660 4271 lomes

480 4257 646 4319 LXXXIV,
669 4256 764 4328 92-3,·
785 4270 834 4308 ms.
857 4255 907 4308 lat.
933 4231 1041 4330 fiilos,
1068 4230 1191 4308 rid-ao.
1214 4254 1533 4323 1mpr.dansPeresno,
1577 4235 1670 4310 ecueil

480 4317 592 4393 116641,
603 4319 672 4394 343.
734 4357 740 4370 .
757 4320 866 4381 Lanos,
882 4319 1013 4371 Allrance
1023 4316 1273 4381 chronollrow,
1283 4319 1321 4379 11,
1337 4317 1415 4387 1933
1431 4319 1570 4384 Dsmscs,
1581 4322 1671 4375 Actes

479 4381 584 4499 {ceph
619 4397 692 4500 ptpe-
711 4396 775 4499 gg&
784 4380 898 4496 griffi,
923 4397 950 4433 n·
967 4380 1013 4436 16.
1033 4380 1104 4434 -2
1121 4380 1319 4435 CWcrmus.
1334 4380 1406 4432 -3.
1422 4382 1446 4435 C
1461 4382 1625 4437 Ldunum.
1640 4410 1671 4424 -
