3862 5610
402 597 442 660 14
858 616 1128 664 cirnarvuanrvu

399 739 483 792 tunc
499 728 666 809 temporis
682 729 830 791 habebat
845 739 879 793 et
894 731 1094 811 possidebat
1115 732 1303 814 praedictus
1323 733 1430 810 locus
1458 745 1579 810 terras

399 827 569 913 homines,
597 825 742 888 feminas
757 835 791 888 et
806 829 986 905 aecclesias,
1012 839 1083 892 tam
1104 829 1296 910 adquisitas
1311 848 1418 910 quam
1433 831 1475 894 de
1491 831 1581 893 mili-

398 923 492 985 tibus
505 923 753 1002 adquisituras,
771 933 897 1004 praeter
911 944 1014 988 suum
1031 925 1199 989 debitum.

437 1021 477 1081 In
492 1021 554 1082 hac
565 1039 646 1082 vero
658 1020 854 1083 laudatione
865 1032 1094 1103 sumpserunt
1109 1024 1198 1085 inter
1211 1042 1247 1085 se
1260 1026 1365 1086 talem
1381 1024 1582 1088 societatem

397 1125 447 1189 ut,
464 1136 544 1178 curn
560 1117 685 1196 aliquis
701 1137 742 1179 ex
755 1118 927 1181 canonicis
942 1120 1033 1183 illius
1053 1132 1067 1172 ’ό
1080 1121 1238 1183 aecclesiae
1251 1122 1387 1196 obierit,
1402 1121 1525 1185 fratres
1540 1121 1582 1185 de

396 1212 527 1275 Paredo
543 1221 682 1275 tantum
699 1213 824 1276 faciant
840 1224 1013 1293 quantum
1029 1217 1072 1280 de
1089 1217 1266 1280 monachis
1280 1240 1286 1294 3
1305 1219 1464 1280 similiter
1479 1237 1583 1281 cano-

396 1309 461 1371 nici
477 1309 518 1371 dc
532 1311 713 1372 monachis
724 1310 849 1373 faciant
866 1311 954 1373 sicut
971 1313 1013 1375 dc
1029 1324 1094 1376 sc²
1114 1314 1209 1394 ipsis
1229 1325 1262 1376 et
1277 1315 1312 1376 in
1335 1315 1500 1378 omnibus
1520 1334 1583 1377 eo-

395 1425 474 1467 rum
500 1406 784 1469 tribulationibus
810 1395 872 1487 pro
897 1426 999 1487 posse
1022 1429 1085 1472 suo
1101 1410 1165 1472 eis²
1185 1412 1404 1485 subveniant,
1432 1421 1467 1475 et
1486 1413 1582 1475 velut

395 1505 554 1585 proprias
570 1523 624 1567 res
639 1505 755 1566 omnia
769 1524 847 1585 quae
858 1504 902 1566 ad
918 1505 1012 1585 ipsos
1028 1507 1203 1587 pertinent
1223 1516 1389 1569 tueantur
1409 1516 1443 1570 et
1458 1507 1581 1570 defen-

395 1601 489 1664 dant.
509 1602 629 1664 Testes
646 1602 751 1680 hujus
767 1602 833 1663 rei:
864 1604 986 1680 Agano
999 1603 1194 1684 episcopus,
1211 1604 1400 1666 Walterius
1415 1604 1580 1680 decanus,

396 1697 784 1760 Widoarchidiaconus.
798 1696 995 1759 Noviodus'*
1014 1709 1133 1762 cantor
1143 1709 1178 1762 et
1187 1700 1463 1777 archidiaconus,
1475 1705 1581 1764 Anse-

395 1795 488 1857 ricus
503 1793 724 1874 praepositus,
757 1794 860 1875 Hugo
880 1793 1041 1857 sacristes
1060 1804 1086 1870 ὺ,
1116 1796 1289 1878 Seguinus
1304 1795 1579 1872 archidiaconus,

396 1892 501 1973 Hugo
527 1890 810 1965 archidiaconuS‚
846 1891 1030 1954 Raincrius
1067 1892 1352 1974 archipresbiter,
1394 1891 1581 1955 Durannus

396 1988 606 2069 capellanus,
623 1987 774 2048 domnus
789 1987 967 2050 Admarus
982 1987 1097 2051 Sancti
1112 1988 1279 2069 Stephani
1295 1989 1412 2063 abbas
1427 1989 1581 2068 Stepha-

399 2108 464 2151 nus
479 2091 586 2152 abbas
601 2087 716 2150 Sancti
732 2087 900 2158 Quintini.

956 2274 1035 2373 17⁴

470 2448 551 2510 Cap.
571 2448 646 2525 XV.
668 2481 704 2490 -
722 2447 772 2508 Da
788 2465 968 2508 accensus
983 2463 1194 2513 couoursirrs
1216 2463 1498 2504 aecarrrutarro.

599 2611 622 2672 l.
648 2611 699 2673 Du
715 2629 877 2671 nccnnsrn
894 2611 993 2672 Rnor.
1013 2630 1214 2680 conuersus
1231 2631 1379 2672 nortem.

457 2774 569 2818 orrcm
584 2755 627 2816 de
642 2752 781 2816 ecclesia
797 2753 1009 2834 Ragiacensi.
1042 2754 1125 2816 Erat
1150 2754 1292 2834 quidam
1317 2753 1416 2814 miles
1442 2751 1580 2812 nomine

459 2856 594 2929 Petrus
640 2868 831 2931 pronomen
849 2851 980 2911 habens
1009 2849 1245 2926 deCachiaco,
1273 2849 1332 2931 qui
1361 2850 1404 2911 ab
1432 2847 1581 2910 inimicis

397 2949 470 3011 suis
486 2947 638 3029 quadam
658 2956 672 2997 ²
689 2947 743 3008 die
763 2957 777 2996 2
801 2945 988 3009 crudeliter
1012 2956 1065 3009 est
1089 2947 1204 3029 gladio
1228 2945 1431 3009 interfectus
1450 2951 1484 3022 3;
1517 2964 1580 3026 pro

396 3045 496 3121 cuius
512 3043 635 3106 animae
649 3042 772 3113 salute,
789 3061 877 3104 uxor
889 3041 963 3122 ejus
978 3044 1117 3107 Adelais
1137 3051 1149 3096 i
1176 3045 1315 3106 nomine
1329 3043 1491 3122 filiusque
1506 3044 1580 3123 ejus
1632 3092 1633 3096 ,

398 3143 609 3216 willelmus,
622 3146 876 3220 parentesquet·
887 3150 920 3201 et
931 3140 1030 3203 amici
1042 3140 1246 3202 obtulerunt
1256 3139 1326 3202 Deo
1337 3139 1372 3201 in
1383 3138 1469 3220 jann
1488 3138 1581 3201 dicto

398 3241 472 3304 loco
487 3239 603 3301 omnia
619 3257 696 3318 quae
709 3235 873 3316 praefatus
890 3238 1012 3300 Petrus
1025 3237 1059 3298 in
1076 3236 1226 3299 aecciesia
1239 3235 1442 3317 Raginiacoss
1461 3244 1581 3298 vocata

398 3336 610 3417 possidebat,
636 3335 671 3394 in
687 3333 855 3394 cimiterio
870 3343 903 3394 et
919 3333 1069 3396 aecclesia
1083 3334 1136 3395 vel
1152 3332 1396 3414 presbiteram,
1413 3342 1509 3395 extra
1524 3332 1582 3395 do-

400 3451 457 3495 mo
473 3451 535 3495 sua
548 3430 659 3494 etalia
679 3431 783 3492 domo
805 3448 910 3510 quam
933 3431 1112 3512 grangiam
1130 3439 1253 3492 vocant
1277 3429 1313 3490 in
1335 3429 1526 3505 cimiterio;
1549 3439 1583 3491 et

399 3529 551 3610 exceptis
566 3529 621 3590 his
634 3549 711 3610 quae
727 3528 854 3591 milites
871 3527 1014 3607 quidam
1030 3527 1065 3589 in
1082 3525 1246 3589 beneficio
1262 3524 1458 3587 retinebant
1472 3525 1515 3587 ab
1531 3544 1580 3587 e0.

400 3629 427 3691 F
430 3627 550 3708 uitque
564 3626 642 3688 talis
659 3625 749 3688 racio
763 3634 812 3691 ut.
832 3623 859 3686 si
876 3624 911 3685 in
926 3633 1039 3687 cetero
1054 3623 1179 3686 fratres
1195 3623 1258 3685 loci
1272 3624 1315 3685 ab
1331 3623 1386 3684 his
1401 3621 1583 3685 beneficia-

400 3723 459 3786 riis
474 3722 678 3802 conquirere
692 3721 820 3801 aliquid
839 3720 1018 3801 potuerint
1033 3740 1073 3782 ex
1087 3719 1141 3782 his
1154 3717 1166 3801 [
1173 3770 1295 3785 .......
1298 3720 1347 3801 ]at
1360 3728 1393 3781 et
1405 3718 1584 3800 superiora

401 3820 580 3882 habeatur.
607 3819 720 3880 Necne
735 3816 747 3900 [
754 3865 1020 3883 ..............
1028 3816 1039 3898 ]
1059 3816 1170 3896 ipsius
1185 3816 1343 3878 aecclesiae
1358 3815 1527 3877 cimiterio
1542 3815 1584 3876 de

400 3914 588 3997 omnibus[
597 3965 864 3980 ..............
870 3914 882 3997 ]
899 3914 990 3976 ilatis
1006 3931 1107 3976 nemo
1122 3912 1210 3974 alius
1226 3921 1359 3975 rectum
1375 3912 1500 3994 exigat,
1519 3910 1583 3986 nisi

430 4109 456 4160 5.
473 4109 508 4159 M
522 4108 589 4159 illis.
606 4109 715 4159 “1¹1.M
738 4108 846 4171 Nori-s.
863 4136 888 4145 --
906 4109 932 4158 5.
949 4109 973 4158 Β
985 4115 1065 4158 s·ta.'

403 4298 406 4306 ¹
432 4236 492 4284 Η.
508 4262 534 4270 -
552 4235 576 4284 1.
596 4235 618 4284 C
643 4231 669 4283 6.
691 4231 1119 4299 2³1X1103,L5la1ettirbr;
1143 4231 1215 4294 cs.L
1234 4230 1350 4302 1’3—2.
1367 4231 1462 4279 Mom.
1478 4227 1536 4278 -3.
1551 4228 1587 4278 M

401 4295 648 4425 ὶὶοῐῇηξῑέὶέῃῗ.
660 4296 700 4345 Lb
716 4296 827 4346 Adal-s.
839 4325 864 4333 --
875 4296 904 4346 Μ
914 4297 948 4347 Μ
958 4309 1013 4358 p-s.
1024 4322 1050 4330 —
1059 4295 1084 4345 5.
1099 4297 1133 4345 M
1142 4294 1177 4367 D
1190 4309 1222 4344 ac
1235 4299 1331 4343 etiam.
1343 4319 1368 4328 ·-
1377 4290 1404 4341 6.
1416 4292 1451 4342 Μ
1461 4290 1585 4356 Roga-o,
