3862 5610
688 789 755 857 180
1196 806 1370 861 herenam

724 925 742 1005 5
754 945 788 1009 9.
800 923 906 1007 Apud
916 925 1124 989 Ambertam
1134 934 1219 989 sunt
1230 944 1302 988 xrm
1315 925 1476 990 monachi
1487 928 1715 1009 cumprime:
1728 924 1910 995 officium

685 1021 883 1104 [divinum],
915 1022 1139 1098 helemosina,
1170 1021 1389 1104 hospitalitas
1410 1031 1445 1085 et
1466 1038 1496 1086 c·
1513 1042 1582 1103 que
1603 1023 1646 1086 ad
1662 1025 1817 1088 cultum
1836 1024 1908 1091 Dei

685 1120 859 1198 pertinent
876 1119 921 1180 ibi
938 1118 1041 1201 h[unt
1056 1120 1326 1203 com]petenter;
1346 1118 1441 1199 prior
1456 1118 1560 1181 nichil
1575 1119 1687 1183 debet.

724 1218 738 1296 ξ
758 1237 812 1279 ιο.
830 1214 934 1295 Apud
949 1216 1074 1279 Villam
1092 1218 1226 1281 Novam
1242 1224 1326 1279 sunt
1337 1215 1408 1279 duo
1420 1216 1581 1279 monachi
1594 1238 1600 1277 :
1614 1235 1706 1280 unus
1719 1237 1907 1285 ascensa·

683 1311 733 1375 vit
745 1312 911 1389 domum;
939 1312 1161 1389 helemosina,
1187 1312 1407 1394 hospitalitas
1421 1322 1457 1375 et
1471 1327 1502 1376 c·
1519 1332 1588 1393 que
1602 1314 1646 1376 ad
1662 1317 1812 1381 cultum
1832 1318 1904 1383 Dei

684 1410 860 1491 pertinent
875 1409 920 1471 ibi
938 1408 1025 1472 fiunt
1039 1420 1288 1491 competenter,
1307 1423 1411 1493 prout
1424 1412 1563 1475 dicunt:
1578 1424 1834 1481 verumtamen
1849 1418 1903 1480 ob

682 1506 817 1570 defectu
836 1507 1003 1570 librorum
1026 1508 1210 1570 servicium
1232 1508 1391 1572 divinum
1415 1527 1484 1571 non
1499 1508 1545 1570 ibi
1563 1519 1678 1590 potest
1692 1510 1772 1575 fieri
1794 1515 1902 1579 sicut

684 1605 792 1667 decet.

721 1703 810 1782 §11¹
834 1700 937 1781 Apud
959 1701 1088 1764 Carum
1115 1702 1245 1766 Locum
1269 1713 1352 1765 sunt
1381 1722 1476 1765 xxxu
1506 1702 1689 1766 monachi:
1721 1703 1900 1773 officium

682 1799 853 1874 divinum,
869 1799 1067 1872 elemosina,
1085 1799 1306 1881 hospitalitas
1321 1811 1355 1862 et
1370 1816 1400 1864 c·
1418 1819 1487 1882 que
1501 1800 1544 1863 ad
1561 1801 1696 1864 cultum
1713 1800 1779 1865 Dei
1798 1821 1901 1885 per-

682 1896 795 1959 tinent
809 1895 856 1957 ibi
872 1893 961 1958 fiunt
976 1906 1202 1976 conpetenter
1217 1917 1224 1971 ;
1241 1896 1369 1959 domus
1385 1897 1488 1959 debet
1502 1897 1608 1959 octies
1624 1917 1669 1958 xx
1686 1898 1811 1964 libras.

706 1994 738 2073 ’ἓ
754 2013 809 2055 12.
826 1991 931 2072 Apud
949 1992 1216 2073 Marciniageum
1234 2004 1319 2056 sunt
1336 2013 1404 2055 xxvi
1422 1993 1599 2056 monachi:
1617 1993 1774 2057 ollicium
1790 1996 1898 2062 divi-

683 2108 780 2165 num,
805 2089 1030 2163 helemosina,
1057 2089 1275 2170 hospitalitas
1289 2099 1324 2151 et
1339 2105 1369 2152 c·
1389 2107 1458 2170 que
1472 2089 1515 2152 ad
1531 2090 1665 2152 cultum
1685 2089 1745 2152 Dei
1762 2094 1899 2172 perti-

682 2196 765 2247 nent
794 2183 886 2247 fiunt
903 2183 951 2246 ibi
971 2195 1231 2265 competentem
1257 2194 1502 2249 verumtamen
1527 2186 1697 2250 dissensio
1717 2198 1772 2251 est
1788 2189 1897 2257 inter

682 2281 982 2358 sanctimoniales;
1010 2281 1267 2363 inquisiverunt
1293 2284 1490 2346 visitatores
1512 2283 1613 2364 cujus
1634 2285 1738 2366 culpa
1761 2299 1892 2353 esset:

682 2378 891 2440 invenerunt
906 2377 1058 2458 priorem
1073 2379 1205 2460 absque
1220 2380 1332 2461 culpa.
1350 2381 1627 2462 Conqueruntur
1647 2380 1690 2445 de
1706 2382 1895 2463 pictancia

681 2485 716 2536 et
731 2474 774 2537 de
789 2473 967 2537 vestiario:
984 2473 1050 2539 fuit
1062 2475 1112 2538 eis
1126 2475 1169 2538 de
1180 2476 1235 2539 his
1249 2477 1401 2558 plenarie
1412 2477 1640 2551 satisfactum,
1656 2480 1720 2541 hoc
1731 2493 1894 2565 excepto

682 2571 775 2654 quod
792 2590 854 2653 per
868 2581 1020 2652 quatuor
1034 2571 1157 2654 viginti
1170 2574 1244 2636 dies
1259 2574 1312 2636 vel
1328 2574 1416 2637 circa
1433 2575 1638 2655 pictanciam
1657 2594 1725 2638 non
1744 2579 1894 2644 habue-

682 2678 765 2732 runt
779 2688 786 2741 ;
801 2687 905 2731 causa
919 2667 986 2731 fuit
1000 2667 1082 2748 quia
1096 2667 1260 2731 dominus
1275 2670 1318 2734 de
1334 2670 1481 2734 Luziaco
1492 2672 1632 2734 tenebat
1644 2672 1680 2734 in
1694 2691 1804 2739 manu
1818 2695 1890 2743 sua

682 2768 772 2828 bona
788 2766 963 2846 prioratus
977 2765 1112 2840 omnia;
1137 2783 1246 2829 manu
1262 2766 1394 2829 domini
1412 2767 1557 2848 predicti
1572 2779 1701 2844 amota,
1731 2783 1888 2851 paratus

680 2861 746 2925 fuit
768 2862 864 2943 prior
884 2860 1027 2943 predict.
1053 2861 1259 2943 pictanciam
1280 2863 1473 2939 restituere,
1499 2882 1605 2945 quam
1630 2866 1781 2946 recipere
1799 2887 1889 2950 pre-

680 2958 769 3020 dicte
793 2958 940 3021 moniale
962 2969 1165 3021 renuerunt.
1197 2959 1331 3023 Domus
1352 2959 1455 3023 debet
1476 2975 1559 3023 xur‘
1573 2962 1679 3025 libras
1694 2964 1745 3024 vel
1761 2963 1882 3031 circa:

681 3055 776 3134 prior
790 3053 959 3136 equitavit
979 3072 1056 3118 eam
1078 3053 1120 3117 de
1140 3055 1311 3119 sexcentis
1327 3055 1432 3118 libris.
1452 3057 1671 3120 Memoriale:
1700 3063 1884 3126 recusavit

680 3150 846 3231 priorissa
860 3160 895 3213 et
910 3149 964 3214 sui
986 3168 1151 3232 sequaces
1174 3150 1423 3215 communicari
1447 3170 1465 3212 a
1486 3150 1600 3231 priore
1623 3153 1682 3230 qui
1706 3170 1881 3220 mannam

679 3247 824 3309 missam
839 3247 1025 3311 celebravit
1038 3249 1073 3311 in
1088 3247 1144 3311 die
1159 3247 1291 3312 Natalis
1309 3247 1457 3321 Domini,
1483 3265 1564 3309 cum
1579 3245 1728 3309 debeant
1743 3248 1804 3312 illa
1818 3251 1882 3316 die

676 3342 926 3407 communicari
941 3346 984 3407 ab
999 3344 1059 3407 illo
1073 3345 1134 3425 qui
1149 3345 1298 3408 celebrat
1315 3361 1477 3407 mannam
1494 3343 1636 3406 missam
1663 3343 1705 3406 de
1725 3345 1880 3428 antiqua

674 3441 946 3516 consuetudine;
961 3441 1045 3504 item
1055 3441 1273 3505 memoriale:
1291 3438 1683 3502 turbaveruntollicium
1694 3439 1876 3520 divinum,

675 3538 804 3601 seilicet
827 3536 990 3618 priorisse
1015 3556 1191 3618 sequaces,
1224 3536 1403 3600 frexerunt
1424 3537 1570 3599 scabella
1591 3537 1702 3611 chori,
1729 3547 1876 3605 tantum

675 3637 869 3698 tumultum
885 3635 930 3698 ibi
946 3633 1109 3699 facientes
1123 3633 1217 3714 quod
1235 3635 1309 3697 laici
1325 3634 1368 3697 de
1391 3634 1470 3696 villa
1485 3635 1526 3695 ad
1545 3634 1628 3697 dict.
1651 3636 1767 3699 locum
1787 3655 1879 3702 con-

674 3733 887 3813 velnelruat,
902 3750 991 3813 quos
1006 3732 1088 3795 socii
1105 3731 1265 3793 monachi
1282 3741 1428 3811 propter
1440 3730 1679 3795 confusionem
1692 3734 1876 3801 tumultus

674 3828 718 3892 de
733 3829 864 3910 templo
879 3827 1073 3908 ejecerunt;
1105 3827 1188 3891 item
1202 3827 1238 3888 in
1261 3826 1442 3890 refectorio
1464 3828 1691 3903 tintinabula,
1722 3848 1876 3913 mappas

673 3925 896 3987 abstulerunt
910 3922 1001 3987 etde
1014 3921 1169 4003 capitulo
1183 3921 1325 3996 librum,
1337 3930 1377 3986 ut
1388 3922 1424 3984 in
1435 3921 1534 4004 [ullo]
1547 3925 1696 3988 istorum
1712 3926 1875 3993 lusorum

675 4040 743 4083 non
760 4028 878 4102 posset
893 4027 1086 4082 conventus
1101 4018 1285 4083 convenire
1302 4042 1309 4096 ς
1326 4022 1361 4083 in
1377 4021 1602 4084 camerariam
1618 4022 1770 4103 quedam
1788 4042 1875 4090 ma-

676 4136 743 4180 nus
758 4126 889 4180 temere
908 4123 933 4177 ⁴.

711 4217 730 4296 5
746 4215 801 4279 13.
812 4210 1348 4295 Apudolualdrellamsuntduo
1358 4215 1517 4278 monachi
1529 4233 1612 4280 cum
1625 4216 1758 4298 priore;
1774 4235 1872 4284 unus

676 4327 745 4373 non
759 4321 813 4377 est
826 4308 1005 4377 sacerdos:
1022 4309 1244 4393 precepimus
1258 4309 1366 4392 priori
1381 4319 1421 4375 ut
1435 4311 1551 4393 ipsum
1564 4313 1759 4393 quantitius
1768 4320 1872 4394 pote·

704 4537 809 4593 hstiis
821 4552 875 4593 erre
887 4537 966 4607 lim
975 4537 1098 4609 natm.
1151 4596 1158 4629 ·.

1161 4606 1185 4661 ,.
