3862 5610
493 594 557 667 toa
574 575 579 586 ¹
1004 607 1178 657 arnanmx

535 726 590 792 16.
608 727 709 804 Item,
724 723 819 808 apud
834 723 963 790 Glonez
976 728 1062 787 sunt
1074 729 1149 786 tres
1161 719 1322 785 monachi
1349 717 1424 784 sine
1438 719 1568 803 priore,
1591 739 1687 803 quo-

491 842 572 888 rum
583 841 676 887 unus
691 840 779 905 puer
787 832 853 899 est,
869 821 930 904 qui
943 818 1072 902 recepit
1082 817 1244 882 habitum
1257 816 1300 881 de
1315 816 1456 881 licencia
1469 817 1562 922 doml
1574 819 1686 883 abba-

491 921 536 985 tis
550 919 691 999 Yvonis,
708 920 798 985 sicut
812 919 943 984 dicunt.

536 1039 591 1102 17.
619 1018 719 1095 Item,
749 1016 844 1100 apud
863 1015 1113 1099 Mangobrium
1135 1023 1219 1079 sunt
1240 1032 1300 1079 sex
1324 1012 1587 1078 monachicum
1612 1015 1685 1078 sine

494 1114 629 1197 priore;
661 1114 764 1178 debet
784 1114 952 1178 ducentas
973 1112 1080 1175 libras
1101 1119 1136 1176 et
1156 1130 1216 1175 sex
1230 1112 1384 1188 Turon.;
1407 1111 1517 1175 multa
1531 1111 1685 1194 dampna

493 1230 619 1293 passus
647 1211 712 1275 fuit
741 1220 886 1294 propter
911 1209 1133 1285 incendium,
1171 1208 1220 1271 ita
1248 1207 1342 1291 quod
1371 1208 1530 1289 oportuit
1556 1227 1684 1290 ponere

493 1309 612 1373 novies
626 1308 749 1391 viginti
770 1309 875 1372 libras
890 1308 925 1371 in
945 1305 1100 1382 edificiis,
1127 1312 1162 1369 et
1185 1305 1314 1387 recepit
1333 1303 1480 1368 domum
1496 1304 1684 1387 obligatam

491 1403 528 1467 in
552 1405 768 1488 quadriginti
792 1405 902 1480 libris,
927 1402 1140 1486 computatis
1166 1400 1356 1466 defectibus
1377 1420 1489 1484 usque
1513 1400 1557 1465 ad
1578 1420 1685 1465 novos

489 1499 664 1584 (fructus).

534 1597 589 1662 18.
607 1600 708 1676 Item,
724 1599 818 1681 apud
835 1598 1023 1663 Luziacum
1038 1606 1123 1661 sunt
1136 1597 1208 1662 duo
1224 1598 1386 1662 monachi
1400 1606 1435 1661 et
1446 1596 1562 1679 prior;
1577 1607 1612 1661 et
1625 1597 1686 1661 de-

492 1697 549 1760 bet
564 1696 691 1760 domus
706 1704 830 1780 quater
838 1696 962 1779 viginti
986 1695 1092 1758 libras
1120 1701 1156 1757 et
1169 1693 1261 1777 cepit
1274 1712 1351 1758 eam
1365 1694 1440 1757 sine
1465 1692 1605 1769 debito,
1632 1702 1685 1756 set

491 1800 632 1857 excusat
647 1811 683 1856 se
696 1801 841 1874 propter
866 1811 1005 1868 causas;
1021 1791 1106 1855 item
1122 1789 1210 1853 dixit
1225 1789 1325 1853 nobis
1339 1789 1433 1872 quod
1450 1789 1556 1852 habet
1571 1788 1615 1852 de
1630 1806 1685 1851 re-

493 1887 594 1953 siduo
609 1888 700 1952 bladi
714 1907 826 1970 usque
840 1888 883 1953 ad
899 1889 1052 1952 valorem
1067 1887 1299 1970 quinquagita
1314 1887 1484 1951 librarum
1500 1887 1629 1951 Turon.

535 2007 590 2071 19.
608 1987 698 2050 Item
712 1985 806 2069 apud
822 1985 1200 2049 Borboniumsuntsex
1214 1984 1388 2061 monachi,
1403 1992 1606 2066 computato
1615 1983 1688 2066 pri-

493 2104 570 2164 ore;
587 2085 690 2149 debet
706 2085 833 2148 domus
848 2104 894 2148 ax
908 2085 1014 2148 libras
1029 2086 1159 2148 Turon.
1175 2105 1183 2160 ;
1200 2081 1358 2146 divinum
1373 2081 1527 2145 officium
1543 2080 1687 2145 benefa-

489 2183 603 2260 ciunt;
621 2182 841 2266 hospitalitas
856 2191 1029 2258 servatur,
1046 2181 1123 2245 nov'
1139 2179 1274 2244 reditus
1290 2179 1440 2243 ecclesie.

530 2299 587 2344 20.
603 2279 703 2356 Item,
719 2278 814 2360 apud
823 2278 1000 2343 Paredum
1011 2286 1094 2341 sunt
1104 2278 1248 2361 triginta
1257 2277 1418 2342 monachi
1429 2287 1464 2342 et
1475 2296 1579 2356 unus,
1595 2296 1687 2342 com·

491 2385 616 2458 putato
630 2376 745 2459 priore
758 2397 765 2453 ;
779 2384 814 2439 et
829 2375 932 2440 debet
947 2375 1074 2440 domus
1089 2384 1261 2440 trecentas
1275 2376 1382 2440 libras
1395 2377 1572 2440 Turonen.
1590 2396 1598 2453 ;
1615 2395 1687 2439 mo·

493 2474 635 2539 nuimus
649 2473 767 2557 ipsum
782 2473 825 2538 de
840 2473 1054 2555 diligencIori
1069 2473 1229 2537 custodia
1253 2492 1458 2554 nemorum;
1488 2474 1525 2536 In
1541 2491 1688 2537 numero

493 2580 612 2635 autem
637 2589 877 2647 monacorum,
907 2569 1119 2653 computatis
1146 2570 1277 2635 decano
1292 2570 1335 2633 de
1364 2572 1507 2635 Bemote
1520 2579 1556 2635 et
1570 2569 1686 2653 priore

495 2667 627 2732 Montis
640 2667 758 2732 Sancti
773 2668 951 2732 Vincencii
967 2677 1001 2731 et
1024 2666 1164 2732 decano.

537 2787 593 2831 21.
611 2767 711 2844 Item,
728 2765 822 2848 apud
845 2766 1094 2832 MarcinIacum
1120 2775 1205 2831 sunt
1218 2777 1330 2830 nvntem
1344 2769 1519 2846 monachi,
1534 2787 1687 2852 compu-

493 2873 567 2928 tato
580 2863 714 2946 priore;
741 2871 777 2926 et
792 2863 895 2928 debet
919 2864 1047 2928 domus
1060 2863 1204 2928 vicecies
1229 2873 1371 2929 centum
1397 2864 1504 2929 libras
1527 2866 1684 2930 Turon.:

494 2969 635 3025 excusat
650 2979 687 3024 se
698 2969 842 3042 propter
853 2960 1028 3025 defectum
1039 2960 1111 3024 vini
1113 3012 1239 3042 .......
1258 2962 1342 3027 dicit
1355 2983 1392 3028 se
1406 2963 1565 3047 posuisse
1576 2983 1688 3047 usque

493 3056 537 3122 ad
553 3058 705 3122 valorem
720 3058 993 3141 quingentarum
1008 3056 1189 3138 librarum,
1206 3067 1241 3123 et
1253 3059 1386 3124 invenit
1400 3061 1547 3126 domum
1557 3061 1688 3145 obliga·

494 3163 567 3218 tam
582 3153 619 3217 in
634 3153 728 3217 mille
742 3153 982 3236 quadrigentis
997 3163 1032 3217 et
1053 3155 1233 3239 sexaginta
1246 3157 1344 3221 libris
1357 3167 1393 3222 et
1407 3159 1539 3223 multos
1553 3158 1687 3223 reditus

438 3294 442 3300 -
493 3252 676 3336 obligatos,
692 3261 765 3316 tam
780 3250 824 3315 ad
838 3251 958 3328 vitam,
974 3259 1047 3315 tam
1059 3251 1102 3316 ad
1118 3259 1281 3335 tempus:
1298 3253 1485 3337 injusimus
1497 3254 1563 3320 sibi
1572 3255 1616 3320 de
1629 3274 1686 3319 re·

491 3348 671 3414 vocatione
684 3347 779 3429 quod
794 3346 920 3411 faceret
935 3366 1038 3429 posse
1053 3367 1128 3413 suo.

485 3492 490 3501 -
532 3467 590 3512 22.
603 3445 704 3522 Item,
715 3444 810 3528 apud
818 3445 1028 3509 Karolocum
1036 3447 1266 3532 sunttriginta
1279 3457 1315 3514 et
1322 3458 1394 3515 tres
1405 3453 1578 3536 monachi,
1592 3472 1685 3519 com·

491 3552 615 3627 putato
629 3543 768 3634 priore,

533 3644 590 3709 23.
608 3644 708 3721 Item,
721 3643 816 3726 apud
830 3642 998 3709 Kadralas
1024 3649 1108 3706 sunt
1122 3642 1194 3708 duo
1219 3645 1400 3710 monachi:
1432 3647 1591 3713 divinum
1606 3648 1684 3714 offi-

492 3741 586 3806 cium
601 3741 796 3805 celebratur
810 3742 908 3816 bene,
924 3748 959 3804 et
971 3739 1190 3822 hospitalitas
1204 3743 1292 3807 bene
1306 3752 1466 3810 servatur
1476 3753 1512 3810 et
1524 3746 1685 3812 helemo-

492 3839 588 3918 sina3
611 3840 715 3904 debet
728 3838 857 3903 domus
880 3846 959 3902 octo
986 3837 1109 3921 viginti
1133 3837 1239 3902 libras
1264 3839 1451 3917 Turonen.,
1471 3844 1683 3925 computatis

492 3935 684 4000 defectibus
710 3954 821 4017 usque
840 3934 883 3999 ad
900 3954 1009 4000 novos
1022 3936 1206 4017 (fructus):
1223 3943 1343 4000 tamen
1356 3938 1490 4003 invenit
1504 3939 1681 4005 ecclesiam

492 4033 692 4116 obligatam,
715 4031 857 4115 quando
884 4033 996 4115 acepit
1010 4051 1098 4110 eam,
1127 4033 1164 4096 in
1186 4033 1280 4099 OCC.
1308 4035 1406 4101 libris
1420 4038 1601 4120 Tu(r0n.);
1616 4038 1683 4103 alla

491 4130 622 4193 suntin
638 4131 729 4194 bono
744 4137 850 4208 statu,
876 4138 911 4194 et
925 4131 1115 4196 amentavit
1126 4130 1305 4198 ecclesiam
1316 4152 1417 4200 suam
1426 4134 1464 4199 in
1474 4134 1682 4202 reditidibus

489 4234 632 4292 centum
644 4225 744 4291 solid.
